1858 3164
563 88 744 130 INDEX
767 85 1124 131 LATINITATIS.

157 200 179 228 5
199 192 316 228 aas.
328 194 375 226 m
396 193 548 226 habitare.
569 191 745 225 valetudini
756 191 817 223 'ali-

208 248 259 275 ιιι,
271 248 302 270 v.
315 238 471 269 valetudo.

109 303 112 307 -
250 291 286 312 re
307 281 428 322 aliquid
449 281 552 313 fraudi
574 289 639 312 sua
652 283 673 311 9
694 278 741 311 Η.
761 281 816 310 6ο.

154 326 323 366 mignato
345 325 490 356 domibus
513 324 686 356 inimicitie
699 323 740 354 Ο.
752 326 807 354 86.

80 398 83 401 r
110 370 309 402 Animulare
344 370 501 400 defectum
537 369 621 399 lune
654 366 816 401 laboribus

154 413 234 451 euin,
261 423 442 454 comparare
472 417 514 452 1„
526 410 651 446 98.κώ
673 414 732 447 15,
760 415 815 442 89.

152 463 260 497 partes
269 454 508 496 jucfeiqsogere
521 459 554 493 4,
565 458 618 487 59.
631 453 817 485 assimulare

154 501 239 532 Deo·
261 501 296 532 in
321 501 456 540 epeciem
480 499 544 530 ori·
566 499 696 528 humani
719 499 760 528 G.
784 503 815 529 8.

153 545 358 575 assimulatur
367 543 450 581 finis,
461 542 516 582 qui
529 542 690 572 videretur
704 546 817 581 sponte

155 593 301 636 sumptu!
310 590 346 625 6,
359 590 412 617 95.
430 585 557 616 morbus
572 586 723 616 fortuitus
737 590 770 621 4,
787 590 817 615 8.

110 631 271 663 Ansina-e
293 638 353 671 pro
377 638 534 660 remanere
558 633 590 666 5,
605 633 635 659 6.
650 630 771 660 assistit
784 629 818 659 in

153 676 255 707 aciem
274 675 354 705 ordo
376 673 512 712 agminis
537 677 568 710 9,
589 678 642 705 17.
664 673 818 703 assistunt

152 716 367 751 malibus
382 718 470 748 Cosa.
485 716 579 747 ltalia
601 720 634 746 et
648 717 818 755 provincioe

155 766 210 799 12,
220 765 254 792 4.
266 762 450 792 assistentes
472 761 631 791 auditores
657 760 703 801 (et
717 769 818 790 rema·

151 804 278 844 neum)
303 806 343 836 Ο.
360 809 410 837 19.
431 805 614 834 assistentes
637 804 752 834 milites
767 813 819 833 or-

152 849 226 880 cine
238 849 334 880 solito
359 847 518 890 (cubiculo
537 857 579 878 sc.
594 847 719 887 Legati)
737 852 755 878 9
774 849 817 879 Η.

111 936 322 969 Assultabaut
342 939 382 966 ut
393 935 524 966 Baccbae
541 939 592 971 11,
606 939 660 964 31.
682 934 817 965 assulta-

152 983 222 1011 tum
243 980 355 1010 eastris
379 983 411 1016 9,
439 983 488 1010 13.
502 979 657 1009 assultare
681 978 746 1017 pilo
758 981 816 1009 aut

153 1023 272 1054 lanceis
289 1027 340 1060 19,
352 1027 406 1053 35.
427 1021 500 1052 teli·
510 1022 556 1052 ib.

110 1066 281 1099 Annum
302 1069 413 1096 cestus
437 1069 489 1101 14,
505 1069 558 1095 9ο.
579 1063 743 1104 conjugem
763 1069 815 1103 19,

150 1114 186 1141 9.
213 1109 380 1140 consilium
402 1109 510 1139 uxoris
536 1117 660 1148 quoque
689 1112 740 1145 15,
763 1113 816 1140 54.

152 1153 297 1193 exemplo
305 1153 444 1192 aliquem
458 1155 492 1190 6,
508 1157 539 1183 5.
554 1152 669 1183 n'omen
684 1151 742 1182 sibi
763 1157 815 1190 15,

154 1201 208 1231 71.
221 1201 382 1228 assumtus
404 1197 438 1226 in
461 1199 683 1235 argumentum
702 1195 816 1226 fabulssae

153 1245 174 1271 9
188 1241 234 1272 Η.
260 1245 314 1273 79.
335 1240 370 1270 in
390 1240 614 1270 conscientiam
641 1243 691 1275 13,
710 1244 758 1270 19.
781 1241 816 1270 in

153 1283 373 1319 contumelias,
387 1293 417 1314 v.
438 1284 632 1314 contumelia.
647 1283 731 1313 inter
747 1284 818 1313 ina-

153 1327 210 1358 nia
221 1327 294 1358 belli
305 1331 324 1357 9
341 1327 386 1357 Η.
406 1329 461 1359 69.
475 1332 617 1357 assumta
634 1329 817 1366 arrogantia

153 1373 188 1401 et
206 1374 295 1401 uecta
308 1370 487 1401 Stoicorum
506 1374 556 1407 14,
572 1374 625 1403 57.
669 1370 760 1401 Livia
783 1372 816 1402 in

153 1414 307 1445 familiam
328 1414 396 1444 Jul.
417 1423 593 1453 nomenque
615 1414 768 1453 Augustae
786 1420 815 1451 l,

156 1462 187 1488 8.
199 1458 334 1488 materia
346 1457 523 1488 oratoribus
537 1460 587 1495 16,
599 1462 629 1488 2.
644 1459 679 1489 in
691 1458 816 1490 laudem

108 1545 285 1585 Amirgere
299 1553 318 1574 e
329 1544 419 1584 gravi
434 1543 544 1575 morbo
558 1548 577 1574 9
593 1544 637 1574 Η.
652 1548 707 1576 99.

107 1589 258 1628 Assurgit
284 1589 318 1618 in
351 1587 438 1618 edita
467 1588 648 1619 incendium
676 1592 728 1627 15,
756 1592 813 1621 38.

108 1632 282 1672 Aetrepere
295 1632 396 1663 alicui
413 1635 465 1668 11,
482 1636 532 1664 17.

108 1675 166 1713 At,
181 1675 419 1707 transitionibus:
435 1676 529 1705 cernit
548 1679 599 1712 19,
613 1676 667 1706 69.
692 1679 744 1712 14,
760 1679 814 1706 93.

153 1722 215 1749 etc.

109 1762 218 1802 Atque
240 1761 308 1800 ipae
325 1760 369 1803 (v.
384 1759 428 1803 ee)
444 1770 503 1802 pro
524 1766 594 1792 tum
616 1766 635 1791 9
651 1762 697 1792 Η.
712 1766 743 1792 9.
757 1771 815 1803 pro

152 1806 208 1836 ced
222 1808 274 1842 1⁵,
293 1808 321 1835 1.
339 1809 391 1836 54.
414 1814 472 1845 pro
491 1809 522 1835 et
534 1806 644 1835 statim
667 1805 709 1847 (v.
723 1805 767 1847 n.)
793 1810 813 1837 3

153 1849 199 1879 H.
218 1852 269 1881 17.
283 1857 341 1888 pro
353 1853 428 1879 tunc
440 1854 460 1880 3
476 1849 521 1879 H.
534 1851 589 1880 36.

109 1891 225 1924 Atrata
234 1891 340 1931 plebes
351 1897 384 1929 3,
395 1897 427 1924 9.

108 1938 213 1968 Atrox
234 1935 413 1976 Agrippina
434 1940 468 1973 4,
493 1940 544 1966 59.
568 1946 596 1966 v.
620 1941 685 1967 not.
709 1935 814 1967 dolore

153 1980 247 2019 longo
273 1981 324 2016 16,
342 1983 391 2010 10.
405 1983 497 2009 atrox
521 1982 554 2009 et
574 1984 713 2018 maestus,
729 1985 814 2011 torvo

151 2023 241 2054 vultu
261 2023 302 2054 O.
318 2027 369 2053 13.
391 2026 482 2054 atrox
503 2023 566 2053 odii
583 2028 635 2060 19,
650 2028 704 2054 99.
723 2027 814 2055 atrox

151 2066 362 2104 mendacium,
383 2067 467 2107 quod
487 2071 634 2097 terrorem
657 2068 815 2098 incuteret

154 2113 173 2139 9
194 2108 239 2140 Η.
252 2113 305 2140 58.
318 2109 402 2140 fama
417 2112 450 2147 4,
467 2115 516 2141 11.
530 2110 698 2150 imperium
720 2112 813 2151 Reip.

153 2163 224 2194 opp.
248 2153 321 2184 lato
348 2158 367 2184 9
395 2153 443 2185 Η.
475 2158 503 2184 1.
530 2163 611 2194 opus
647 2154 811 2196 (blstoriae)

152 2195 276 2236 preliis
301 2201 332 2234 1,
346 2202 378 2228 9.
406 2197 554 2228 valetudo
576 2203 609 2229 3.
634 2201 688 2229 64.
719 2199 754 2229 in
778 2209 813 2229 re

151 2247 286 2278 summa,
300 2241 438 2281 difficilis
461 2246 513 2279 15,
527 2246 580 2272 98.
595 2251 654 2282 pro
677 2243 814 2274 tmibile

151 2289 278 2324 aspectu
296 2288 348 2322 19,
362 2289 416 2315 33.
431 2289 450 2315 9
466 2285 512 2315 Η.
527 2288 581 2317 39.
595 2289 716 2317 atroces
731 2290 813 2317 notae

149 2327 264 2358 additae
285 2327 464 2358 nominibus
475 2330 634 2360 Coesarum
657 2335 690 2367 9,
705 2334 761 2362 99.
782 2340 812 2361 v.

149 2371 240 2412 Lipe.
267 2371 388 2402 atrocia
412 2372 669 2413 circumstrepere
697 2379 730 2411 3,
757 2375 811 2406 36.

151 2414 315 2452 mandata,
327 2424 443 2453 severa,
458 2418 606 2455 urgentia
625 2422 644 2448 9
659 2417 706 2448 H.
718 2421 772 2449 40.

107 2457 269 2494 ,Attonitae
282 2467 404 2490 morum
421 2463 454 2497 4,
474 2463 526 2491 13.

108 2501 267 2533 Aia-ociter
299 2502 419 2532 deferre
452 2503 584 2542 crimen,
613 2505 812 2541 tumultuose,

151 2545 301 2576 innume
327 2551 380 2583 13,
398 2551 447 2579 19.
460 2547 560 2587 loqui,
566 2547 719 2587 ferociter
731 2553 750 2579 2
767 2549 812 2580 H.

156 2592 187 2619 1.
202 2589 339 2620 atrocius
353 2591 494 2630 accipere
507 2591 626 2631 aliquid
641 2592 685 2623 ib.
702 2597 732 2630 1,
748 2597 800 2623 98.

110 2631 332 2664 Attenuatum
343 2634 375 2664 vi
388 2634 541 2674 repellere
555 2639 606 2673 13,
620 2640 675 2666 95.

110 2675 216 2707 Aucti
230 2683 288 2714 pro
300 2678 384 2708 vinci
396 2679 431 2708 in
442 2679 509 2715 lite,
521 2680 713 2711 succumbere
727 2681 767 2711 A.
783 2685 814 2712 9.

152 2728 184 2749 v.
197 2728 231 2749 n.
246 2721 376 2751 attritu·
387 2721 430 2762 (et
443 2722 628 2764 exsanguis)
645 2725 682 2754 de
695 2730 815 2754 oratore

153 2763 249 2792 nimie
261 2765 349 2794 tenui
357 2765 397 2795 Ο.
415 2769 463 2795 18.
478 2767 596 2797 attritae
606 2777 655 2797 res
670 2769 770 2798 ltaliae
794 2773 812 2797 9

155 2805 201 2880 ἴὶ.
225 2808 278 2881 ῗὲἶ.
291 2808 439 2840 attritum
462 2809 626 2850 pubinum,
640 2812 815 2843 aoeumtnm

199 2870 211 2889 ‚
270 2872 280 2883 .

857 189 1008 222 Attinere
1027 198 1086 230 pro
1105 189 1247 227 retinere,
1261 198 1288 221 r.
1308 189 1444 223 cohibere
1467 195 1496 229 1,
1509 194 1566 224 35.

900 239 934 273 9,
952 238 1002 265 10.
1019 237 1072 272 18,
1085 237 1139 264 50.
1153 234 1290 264 attinere
1303 236 1414 265 caetris
1433 236 1565 274 milites,

899 287 959 319 pro
980 281 1134 310 continere
1147 282 1181 316 9,
1195 281 1248 308 59.
1262 286 1321 317 pro
1340 278 1487 317 detinere,
1500 290 1567 310 mo·

898 324 979 360 rari,
1002 321 1151 362 impedire
1176 325 1206 358 1,
1226 325 1281 352 50.
1302 324 1336 359 6,
1363 326 1413 354 19.
1445 327 1496 360 19,
1511 327 1564 354 95.

905 371 957 404 13,
978 370 1032 398 97.
1058 369 1078 396 9
1106 365 1151 396 Η.
1182 369 1233 396 19.
1259 364 1442 396 attinebant
1461 367 1564 406 ripam

903 409 1072 450 (Danubii)
1100 409 1252 448 legiones,
1272 409 1450 447 tuebantur,
1463 415 1566 440 cuato-

900 454 1024 484 diebant
1038 457 1073 490 4,
1087 457 1118 483 5.
1131 453 1262 483 attineri
1275 462 1353 484 cura
1367 453 1515 492 alicujus,
1529 455 1565 484 in

901 497 1042 528 custodia
1071 497 1158 536 apud
1181 498 1318 536 aliquem
1340 507 1404 528 esee
1433 502 1486 535 18,
1514 502 1565 530 15.

900 540 1043 571 custodia
1063 539 1191 579 publica
1202 545 1237 578 3,
1250 544 1304 571 36.
1318 549 1441 571 carcere
1465 544 1499 579 6,
1513 545 1566 574 19.

901 585 975 614 fisco
1002 587 1169 623 argentum
1198 585 1359 624 signatum
1387 585 1505 616 dixitur
1529 588 1564 623 6,

905 632 955 661 17.
971 628 1088 658 indicio
1096 627 1245 666 alicujus,
1258 638 1293 659 eo
1306 637 1392 658 reum
1407 639 1481 666 esse,
1493 639 1565 660 com

900 677 1013 702 sortem
1015 672 1174 712 facinoris
1184 672 1340 703 declarari
1358 676 1409 709 15,
1424 676 1477 705 57.

859 715 1028 755 Attingere
1050 715 1200 755 legiones,
1210 725 1270 756 per
1289 716 1437 757 syllepsin
1451 719 1486 746 et
1508 716 1564 755 Sy-

902 760 982 789 riam
997 764 1030 796 9,
1046 762 1099 789 55.

862 803 1014 834 Attollere
1035 801 1184 833 auctibus
1206 803 1378 835 immensis.
1399 813 1430 835 v.
1452 810 1565 835 auctus

902 851 935 883 4,
947 851 1002 877 4ο.
1019 847 1195 886 insignibus
1209 848 1362 887 triumphi
1375 847 1514 888 aliquem
1530 853 1565 884 3,

901 894 954 922 79.
996 891 1110 930 Remp.
1133 889 1214 920 bello
1237 892 1395 931 armisque
1410 897 1430 922 4
1447 892 1493 922 H.
1508 896 1564 922 59.

900 933 1064 964 ordinibus
1087 934 1162 963 altis
1176 934 1314 974 aliquem
1337 940 1370 965 et
1383 936 1519 974 praemiis
1541 940 1574 967 4-

900 977 944 1007 Η.
959 981 1013 1009 59.
1036 977 1140 1006 attolli
1164 986 1223 1016 pro
1243 987 1305 1009 mm
1328 980 1432 1018 mergi
1444 989 1526 1019 aqua
1542 983 1561 1008 5

900 1021 946 1051 Η.
970 1023 1001 1051 6.
1021 1025 1069 1051 14.
1083 1021 1242 1051 attollitur
1262 1022 1498 1052 adulationibus
1510 1032 1566 1053 ex·

901 1065 1026 1104 quisitis
1040 1069 1060 1095 3
1075 1065 1119 1095 H.
1134 1069 1188 1098 37.

857 1109 1019 1139 Attonitas
1039 1111 1159 1139 terrore
1181 1112 1303 1140 mentes
1324 1110 1360 1140 in
1379 1110 1565 1150 languorem

899 1158 1021 1182 vertere
1038 1157 1056 1182 9
1073 1153 1118 1183 Η.
1134 1156 1190 1184 49.

857 1196 1010 1233 Attritus,
1023 1206 1053 1227 v.
1067 1198 1172 1227 atteri.

857 1243 1037 1270 Attrectare
1058 1250 1117 1280 pro
1138 1240 1257 1279 aliquid
1280 1241 1438 1279 suscipere
1460 1245 1494 1278 3,
1509 1245 1565 1273 59.

900 1287 1070 1314 attrectare
1106 1284 1229 1321 feralia,
1251 1285 1406 1321 interesse,
1426 1286 1562 1325 partici-

895 1338 967 1368 pem
979 1327 1170 1367 exesum
1186 1332 1215 1365 l,
1229 1331 1283 1358 69.

857 1371 962 1402 Avare
977 1371 1086 1401 habita
1100 1372 1261 1411 provincia
1275 1377 1310 1408 3,
1326 1374 1377 1400 13.
1394 1375 1446 1410 13,
1462 1376 1517 1403 30.

856 1415 1033 1447 Avaritiam
1061 1415 1196 1453 alicujus
1237 1416 1400 1452 emerem-i,
1428 1426 1562 1447 avarum

899 1459 1051 1489 hominem
1074 1460 1176 1499 pretio
1201 1460 1347 1489 inducere
1372 1459 1417 1489 ad
1438 1460 1563 1501 aliquid

902 1507 954 1539 19,
968 1506 1023 1533 45.
1047 1506 1172 1532 mutare
1194 1502 1229 1532 ln
1253 1503 1378 1538 melius,
1392 1503 1424 1532 h.
1434 1512 1463 1533 e.
1490 1513 1562 1543 quae

897 1546 952 1576 ille
975 1555 1032 1586 per
1055 1547 1224 1577 avaritiam
1245 1547 1327 1577 male
1354 1547 1515 1577 constituit
1541 1552 1555 1578 1

899 1590 944 1620 H.
960 1593 1013 1621 59.

854 1633 977 1664 Auctor
990 1634 1025 1663 in
1047 1633 1205 1663 diversum
1228 1633 1337 1664 nullus
1363 1637 1416 1670 19,
1430 1636 1483 1666 69.
1496 1634 1561 1664 Re-

897 1677 953 1716 gni
977 1677 1155 1716 utriusque,
1170 1678 1225 1718 qui
1247 1678 1430 1708 divisionem
1452 1678 1561 1720 Regni

889 1721 1024 1761 ficerat,
1034 1725 1064 1751 et
1085 1722 1210 1761 utrique
1234 1721 1362 1760 Regum
1370 1726 1495 1761 partem
1510 1727 1560 1751 at-

897 1765 1048 1795 tribuerat
1072 1769 1105 1801 9,
1131 1767 1185 1794 64.
1210 1763 1385 1802 relationis,
1407 1765 1560 1805 Princeps

897 1813 1037 1846 vocatur,
1052 1818 1122 1838 cum
1147 1818 1215 1838 eam
1227 1810 1306 1848 fieri
1325 1810 1481 1848 permittit
1506 1814 1558 1846 13,

898 1854 951 1882 96.
965 1860 1070 1882 rerum
1093 1852 1344 1889 florentissimus,
1359 1853 1397 1882 de
1414 1853 1561 1884 historico

898 1900 932 1933 3,
945 1900 999 1927 80.
1013 1896 1061 1926 uti
1076 1899 1108 1925 et
1131 1905 1158 1926 c.
1182 1901 1213 1927 3.
1236 1900 1268 1926 et
1285 1900 1338 1933 14,
1353 1899 1406 1926 64.
1424 1897 1561 1934 consilii,

896 1939 1021 1978 effector
1039 1944 1060 1970 3
1089 1940 1135 1970 H.
1159 1944 1191 1970 9.
1215 1940 1424 1970 validissimus
1447 1942 1482 1977 6,
1505 1945 1562 1972 31.

896 1987 1056 2013 auctorem
1078 1992 1225 2013 accusare
1246 1983 1396 2024 aliquem,
1411 1985 1504 2024 quasi
1517 1986 1562 2015 ait

897 2031 1006 2057 auctor
1030 2032 1060 2065 1,
1075 2031 1129 2059 39.
1150 2029 1279 2057 anctore
1300 2027 1408 2067 aliquo
1433 2037 1562 2058 noscere

897 2080 988 2101 casus
1001 2075 1193 2110 temporum,
1206 2081 1224 2102 c
1236 2071 1325 2102 libris
1347 2072 1490 2102 historici
1507 2076 1561 2110 14,

898 2117 952 2145 64.
965 2117 1110 2145 auctores
1125 2115 1245 2153 incerti‘
1260 2119 1294 2146 et
1315 2116 1388 2155 vagi
1413 2119 1431 2145 2
1447 2116 1493 2147 H.
1506 2120 1562 2148 74.

898 2158 958 2188 sibi
971 2159 1104 2199 quisque
1117 2163 1228 2189 auctor
1240 2162 1261 2190 3
1272 2159 1318 2190 Η.
1333 2163 1386 2191 71.

853 2203 1036 2233 Auctoritas
1050 2202 1160 2233 adulta
1175 2207 1205 2240 1,
1220 2205 1274 2233 46.
1297 2203 1470 2233 auctoritas
1485 2202 1561 2233 ado-

896 2246 986 2283 levit,
1000 2256 1032 2277 v.
1053 2246 1232 2277 adolescere.
1253 2248 1426 2278 auctoritas
1440 2249 1472 2276 et
1485 2256 1562 2276 con-

897 2290 1004 2320 silium
1026 2290 1134 2327 simul,
1148 2292 1275 2320 centeni
1299 2291 1431 2330 singulis
1444 2290 1561 2321 adsunt

896 2335 937 2363 G.
955 2338 1005 2364 12.
1022 2334 1152 2371 coaluit,
1167 2345 1195 2364 v.
1206 2335 1381 2365 coalescere.
1394 2335 1491 2370 fluxa,
1500 2335 1561 2363 im-

895 2378 1030 2416 minuta,
1044 2378 1172 2417 infirma
1197 2382 1226 2415 1,
1243 2383 1296 2408 91.
1316 2379 1401 2408 inest
1421 2378 1561 2409 consiliis

897 2425 930 2457 9,
950 2425 1000 2453 17.
1025 2421 1145 2461 gliscit,
1172 2431 1202 2452 v.
1224 2422 1367 2461 gliscere.
1388 2421 1563 2451 auctorita-

895 2468 961 2494 tem
972 2465 1132 2495 destruere
1160 2463 1487 2506 (contradictionibus)
1510 2467 1562 2504 14,

897 2513 952 2539 43.
977 2509 1112 2539 Senatus
1134 2509 1229 2546 serre,
1243 2519 1272 2540 v.
1276 2509 1367 2548 firre
1388 2509 1566 2541 auctorita«

896 2556 945 2582 tes
958 2551 1158 2589 Senatorum,
1171 2554 1329 2583 sententie
1342 2557 1375 2590 9,
1388 2557 1443 2584 39.

855 2596 993 2633 nactus,
1008 2596 1168 2627 immensis
1182 2596 1328 2628 auctibus
1344 2602 1363 2627 4
1379 2596 1424 2628 Η.
1442 2600 1496 2627 98.

856 2639 998 2670 Audacia
1019 2640 1145 2669 coalita.
1171 2649 1202 2670 v.
1226 2641 1400 2671 coalescere.
1427 2641 1561 2671 andacia.

897 2683 1117 2723 extemporalis
1130 2683 1170 2714 Ο.
1183 2686 1215 2714 6.
1229 2684 1350 2714 servilis
1368 2688 1420 2721 14,
1434 2687 1487 2714 40.
1501 2693 1561 2715 ιιι-

900 2726 995 2756 daciae
1017 2727 1161 2767 proximi.
1172 2733 1244 2767 post
1265 2728 1368 2768 ipsum
1393 2729 1501 2759 ducem
1524 2733 1559 2765 4,

901 2774 954 2802 97.
979 2771 1012 2800 in
1034 2771 1196 2801 audaciam
1210 2772 1330 2811 accingi
1357 2777 1377 2803 8
1393 2772 1438 2802 H.
1459 2774 1511 2802 66.
1526 2773 1561 2802 in

899 2814 1061 2844 andaciam
1073 2818 1254 2855 opportuna
1267 2823 1329 2847 nox
1344 2820 1378 2853 4,
1389 2819 1424 2845 51
1433 2837 1440 2845 .
1455 2825 1560 2855 prom-

900 2856 952 2888 tus'
973 2862 1023 2896 14,
1038 2864 1090 2890 43.
1105 2859 1243 2890 audaciis
1258 2859 1418 2891 homiuum
1437 2863 1466 2897 l,
1484 2863 1537 2892 74.
