1858 3164
467 289 809 415 jffsrm
866 301 1248 412 ‘LIPsn

557 463 563 466 ⁵
662 498 1028 549 ExcURsth

788 643 856 672 An

136 700 348 870 [Ἀ
424 753 508 832 Ν
585 753 670 831 Ν
748 754 830 831 Α
909 755 983 831 L
1061 753 1102 830 1
1184 753 1264 830 U
1331 751 1443 829 M

715 925 753 973 L
766 924 788 968 1
802 924 856 968 B.
901 924 1036 969 XIV.

710 1050 1004 1074 -ῴ

840 1152 889 1190 Α.

741 1245 775 1283 C
786 1246 823 1284 A
833 1245 879 1284 P.
913 1244 969 1283 Π.

131 1306 377 1375 TEMPUS
405 1336 520 1379 enim,
542 1341 584 1372 ut
613 1333 720 1372 tarde
751 1333 954 1384 aliquando
978 1331 1157 1384 juventus
1186 1338 1317 1370 nostra
1338 1332 1471 1380 discat,
1492 1333 1583 1384 quid

133 1388 357 1438 tempestiva
387 1388 574 1431 convivia,
603 1386 695 1436 quid
720 1386 994 1436 intempestiva.
1066 1383 1215 1427 Discat,
1242 1393 1282 1422 et
1306 1384 1472 1422 dediscat
1502 1385 1582 1430 illa,

135 1454 221 1490 quae
236 1452 356 1491 nuper
371 1439 495 1476 hausit
515 1451 547 1475 a·
566 1437 713 1487 magnis
731 1436 933 1486 magistris.
987 1435 1121 1479 Aiunt,
1150 1436 1361 1473 convivium
1386 1438 1581 1487 tempesti-

134 1505 225 1531 vum
241 1503 336 1541 mse,
354 1490 455 1540 quod
470 1497 637 1540 tempore
665 1487 894 1526 celebretur:
925 1487 1038 1524 verbo
1055 1499 1167 1536 reque
1195 1487 1417 1526 honestum:
1447 1501 1516 1525 nec
1544 1490 1585 1525 in

136 1545 231 1583 vitio
248 1542 342 1592 poni
359 1554 550 1591 umquam,
572 1541 644 1578 nisi
663 1540 703 1577 in
733 1539 838 1577 libris
865 1539 1021 1577 vitiatis.
1072 1538 1173 1576 Eece
1201 1538 1280 1583 alii,
1299 1540 1364 1590 qui
1394 1541 1585 1590 tempesti-

136 1605 225 1633 vum
242 1592 401 1631 nihilum
418 1592 563 1630 differre
594 1592 722 1629 dicant
750 1592 797 1628 ab
817 1591 1101 1641 intempestivo:
1132 1596 1169 1627 et
1199 1591 1240 1628 in
1268 1591 1380 1641 culpa
1415 1591 1587 1628 habitmn

136 1654 349 1694 utrumque.
399 1643 570 1681 Tertium
593 1643 683 1687 vidi,
709 1643 773 1694 qui
804 1643 978 1680 convivia
1006 1642 1228 1692 tempestiva
1256 1641 1370 1679 vellet
1387 1655 1480 1687 esse,
1500 1655 1587 1693 quae

136 1698 247 1737 statis
265 1696 450 1744 cest-isque
475 1695 705 1744 temporibus
734 1694 942 1745 praeberent
974 1692 1204 1730 Sacerdotes.
1256 1693 1446 1731 Inducunt
1464 1700 1503 1731 et
1529 1707 1588 1730 se-

137 1748 293 1787 ducunt.
313 1746 440 1784 audite
457 1759 531 1790 me,
539 1744 711 1796 juvenes,
724 1753 866 1790 etcum
884 1746 986 1782 bono
998 1744 1191 1782 Mercurio
1204 1745 1299 1782 inite
1314 1746 1415 1782 viam
1432 1752 1585 1783 rectam.

138 1798 329 1850 Legitima
345 1798 507 1836 convivii
524 1797 620 1834 hora
640 1797 739 1847 apud
756 1796 952 1834 Romanos
971 1796 1127 1847 priscos,
1143 1795 1200 1832 sol
1218 1808 1385 1834 occasus.
1439 1796 1584 1833 Salvia-

138 1865 210 1891 nus
230 1855 270 1896 1,
286 1852 327 1888 2.
383 1850 573 1898 Numquid
594 1861 750 1897 parcam
767 1849 874 1886 illam
893 1853 980 1885 tunc
997 1851 1246 1897 agrestemque
1275 1849 1391 1885 vitam
1413 1859 1495 1885 cum
1521 1860 1587 1896 ge-

138 1905 235 1942 nitu
251 1908 286 1940 et
306 1902 430 1939 dolore
447 1900 663 1944 tolerabant,
681 1912 762 1939 cum
778 1901 867 1938 viles
884 1912 930 1937 ac
945 1900 1099 1936 rusticos
1112 1899 1207 1936 cibos
1225 1903 1311 1937 ante
1327 1901 1436 1949 ipsos,
1459 1899 1587 1948 quibus

139 1953 439 2004 cwrm2t‚fopos
450 1956 630 1990 sumerent
644 1963 775 2002 eosque
787 1953 885 2003 ipsos
897 1963 1038 2000 capere,
1053 1953 1125 1988 nisi
1140 1951 1191 1987 ad
1203 1963 1402 2000 vesperam,
1415 1963 1489 1987 non
1502 1952 1587 1988 lice-

139 2008 232 2048 ret?
261 2005 408 2055 Itaque,
422 2005 510 2054 quia
528 2016 676 2055 vespere
693 2015 813 2048 caena,
826 2003 911 2040 ideo
929 2001 1116 2054 proverbii
1139 2001 1263 2040 forma
1280 2003 1320 2040 in
1343 2002 1482 2039 Plauto
1500 2002 1587 2041 Mil.

140 2057 236 2107 glor.
248 2062 290 2102 4,
301 2059 343 2100 2,
357 2060 395 2095 5.
413 2057 457 2093 de
475 2068 616 2105 vespere
628 2067 693 2093 suo
710 2057 839 2093 vivere.
853 2053 991 2092 Postea
1006 2060 1130 2091 autem
1141 2053 1286 2091 decima
1301 2054 1433 2091 haberi
1449 2061 1587 2104 coepta.

141 2108 252 2149 Clare
266 2122 314 2147 ex
326 2107 528 2146 cornificio
547 2106 594 2144 ad
609 2105 856 2150 Herennium,
870 2107 935 2143 ubi
948 2105 1123 2142 describit
1135 2105 1326 2143 hominem
1337 2118 1431 2142 vane
1445 2105 1587 2155 glorio-

141 2172 225 2205 sum
241 2163 284 2204 4,
303 2163 366 2198 51.
418 2158 456 2202 Is
476 2157 524 2195 ad
544 2171 622 2202 eos,
642 2171 736 2207 quos
754 2164 954 2196 vocaverat
980 2156 1026 2193 ad
1045 2168 1185 2194 mnam
1203 2169 1280 2193 non
1300 2157 1338 2193 in
1358 2170 1443 2194 suas
1463 2157 1558 2194 aedes
1575 2172 1584 2194 :

142 2212 251 2250 Itane
263 2214 286 2250 9
311 2222 447 2254 mmm,
466 2211 602 2259 inquit,
623 2210 790 2259 hospites.
844 2209 977 2247 Frater
993 2210 1095 2246 venit
1111 2219 1155 2246 ea:
1172 2209 1338 2245 sazema.
1366 2221 1430 2257 ego
1448 2208 1507 2245 illi
1525 2209 1587 2245 ob-

141 2265 242 2301 viam
256 2274 385 2313 pergo,
402 2274 464 2301 vos
482 2261 552 2299 huc
569 2262 708 2299 decima
723 2261 891 2299 venitote.
943 2260 1117 2311 Hospites
1135 2259 1335 2298 discedunt.
1373 2260 1437 2297 ille
1459 2271 1497 2296 se
1524 2272 1587 2297 ra·

138 2316 238 2365 ptim
256 2316 403 2352 domum
419 2325 524 2351 suam
541 2312 688 2362 conjicit
701 2330 715 2351 :
742 2314 802 2350 illi
821 2314 972 2357 decima,
995 2324 1065 2362 quo
1075 2310 1252 2360 jusserat,
1271 2312 1428 2349 veniunt.
1464 2309 1518 2347 Et
1538 2312 1586 2348 ab

143 2378 190 2414 ea
207 2372 331 2404 mente
349 2364 546 2415 Philippus
573 2362 768 2402 Vulteium
797 2364 976 2409 invitans,
996 2363 1095 2414 apud
1129 2362 1266 2399 Horat.
1285 2362 1357 2412 Ep.
1392 2366 1429 2404 1,
1460 2365 1501 2405 7,
1518 2367 1584 2405 71.

146 2417 238 2456 Post
254 2430 387 2456 nonam
403 2418 534 2455 venies.
549 2446 558 2455 .
575 2416 679 2454 ,Imo
698 2417 843 2453 actuosi
861 2416 1029 2452 homines
1059 2421 1098 2451 et
1116 2414 1281 2451 forenses
1298 2420 1384 2463 post
1403 2413 1585 2451 decimam

143 2482 253 2520 sape.
280 2469 459 2519 quoniam
476 2480 534 2505 res
557 2466 754 2517 etjudicia
783 2468 822 2504 in
848 2466 933 2503 foro
950 2467 1115 2503 exercita
1147 2466 1195 2501 ad
1225 2465 1407 2502 decimam
1437 2464 1589 2509 boram,

145 2521 204 2560 uti
229 2533 279 2558 ex
295 2520 510 2558 Miloniana
531 2519 688 2557 Asconii
713 2519 847 2558 discas.
897 2518 951 2556 At
978 2518 1127 2562 labente
1155 2516 1319 2566 imperio
1347 2516 1587 2567 moribusque

145 2579 282 2610 octava
298 2572 392 2609 hora
409 2569 534 2607 balnei
552 2570 681 2608 haberi
699 2577 838 2618 coepta,
856 2582 959 2606 nona
985 2571 1067 2619 ipsa
1084 2580 1209 2606 caenae.
1261 2567 1406 2612 Plinius
1424 2567 1470 2604 de
1490 2567 1588 2619 Spu-

145 2623 256 2660 rinna
272 2622 347 2674 Ep.
364 2627 405 2665 3,
429 2627 462 2660 1.
495 2622 566 2660 Ubi
583 2623 675 2660 hora
694 2623 812 2660 balnei
831 2622 1006 2658 nunciata
1024 2625 1090 2662 est,
1115 2622 1184 2666 (est
1202 2623 1324 2656 autem
1343 2619 1458 2656 hieme
1475 2628 1585 2664 nona‘,

147 2678 274 2712 estate
285 2674 429 2722 octava)
443 2676 481 2711 in
490 2674 566 2710 sole
577 2675 744 2712 ambulat
755 2675 886 2717 nudus,
901 2673 998 2708 lotus
1010 2671 1173 2708 accubat.
1185 2670 1375 2707 Martialis
1389 2679 1522 2720 praeter
1533 2672 1587 2708 lo-

148 2736 212 2763 cos
232 2724 323 2764 alios
342 2725 474 2777 Epigr.
492 2730 532 2769 4,
552 2729 589 2763 8.
621 2725 782 2776 Imperat
800 2729 997 2760 exstructos
1003 2722 1183 2771 frangere
1199 2733 1295 2758 nona
1314 2722 1448 2759 thoros.
1477 2722 1589 2759 Hanc

149 2776 282 2823 boram
299 2778 363 2828 qui
383 2778 669 2828 praeveniebant,
690 2776 907 2826 tempestive
936 2775 1078 2824 epulari
1097 2773 1314 2811 dicebantur
1329 2780 1367 2810 et
1386 2783 1587 2825 praematu·

802 2839 827 2863 o
844 2838 868 2862 o
893 2830 918 2862 4
