1858 3164
587 140 672 180 AD
697 138 936 179 ANNAL.
972 139 1093 178 LIB.
1123 139 1175 177 11.
1516 142 1593 178 531

141 245 343 300 judicium,
364 247 557 292 facundia,
577 258 722 297 semper,
735 245 827 285 mihi
847 257 996 294 magna.
1050 244 1180 282 Unum
1200 243 1317 281 addo:
1348 256 1518 282 manasse
1537 245 1593 282 vi-

91 311 93 314 ’
149 300 229 338 deri
247 313 386 337 morem
405 314 491 338 eum
511 300 557 339 ab
575 298 878 344 Atheniensibus,
903 297 1003 348 apud
1020 309 1113 346 quos
1133 303 1257 334 scorta
1274 298 1414 347 pariter
1443 304 1540 334 veste
1569 310 1594 334 a.

149 360 324 391 matrona
342 353 511 389 discreta.
531 351 640 400 idque
661 363 708 387 ex
736 349 828 399 lege.
883 349 1014 387 Suidas
1042 350 1081 386 in
1102 347 1275 400 Ἐταιξὸν.
1304 348 1395 398 νόμος
1421 347 1590 400 Ἀθήνῃσι,

150 405 213 447 τὶς
229 405 359 458 ἓτειῖςαις
380 404 496 443 thusam
510 404 625 456 φυςιῖν.
678 402 782 449 Ideni
801 401 1058 440 Artemidorus
1075 408 1184 439 notat
1202 405 1242 446 2,
1261 405 1300 440 3.
1340 436 1347 444 ,

857 559 901 598 P.

653 664 684 701 C
697 665 732 702 A
747 663 790 704 P.
826 663 1073 703 LXXXVII.

201 769 355 808 ΤΔ-ΜΒΝ
371 769 515 820 reperio
533 769 695 818 Augusti
721 782 800 806 aevo
829 775 865 806 et
892 768 1006 814 infra,
1027 782 1050 806 a
1078 767 1202 806 liberis
1229 774 1353 819 patres
1386 765 1592 819 appellatos

149 821 350 866 nominos,
365 828 404 858 et
423 835 445 858 a
464 822 640 858 fratribus
660 821 932 859 blandientibus
953 821 1097 859 fratres.
1125 821 1239 861 Quod
1257 828 1382 858 tamen
1402 821 1592 870 Augustus

149 875 191 912 in
209 887 278 911 sua
294 874 406 911 domo
423 875 554 911 vetuit.
608 874 806 911 Suetonius
825 878 887 922 53.
941 874 1146 913 Dominum
1171 874 1354 924 appellari
1368 885 1407 910 se
1422 885 1487 910 nec
1503 886 1527 910 a
1547 874 1593 910 li-

151 927 246 965 beris
263 927 408 976 quidem
426 931 492 964 aut
509 926 696 976 nepotibus
713 927 789 963 suis
814 927 872 964 vel
896 928 991 963 serio
1017 927 1075 963 vel
1093 926 1180 973 joco
1207 938 1335 975 passus
1362 931 1417 963 est
1432 941 1443 963 .·
1481 930 1594 975 atque

150 978 358 1027 huiusmodi
374 979 574 1016 blanditias
590 981 702 1015 etiam
720 980 816 1015 inter
830 980 926 1027 ipsos
940 979 1139 1028 prohibuit.
1182 977 1326 1028 Tangit
1342 986 1431 1015 ecce'
1447 986 1594 1016 utrum-

152 1043 227 1082 que
245 1043 400 1075 morem,
417 1038 455 1068 et
473 1030 605 1067 vellem
624 1031 662 1067 id
688 1031 908 1081 interpretes
935 1033 1176 1068 monuissent.
1228 1030 1342 1070 Quod
1368 1037 1507 1081 patres,
1526 1030 1597 1067 do-

151 1084 258 1126 mini,
277 1084 391 1120 etiam
411 1096 457 1120 ex
479 1082 708 1119 Diadumeni
737 1084 895 1120 Caesaris
923 1083 1095 1134 epistola,
1120 1086 1198 1134 (ap.
1226 1082 1420 1133 Lamprid.
1446 1083 1486 1119 in
1513 1081 1594 1133 ejus

149 1135 230 1172 vita
251 1135 327 1183 10.)
346 1147 548 1185 cognosco,
569 1135 615 1172 ad
635 1144 812 1172 matrem:
848 1136 1033 1174 Dominus
1059 1140 1182 1173 noster
1208 1141 1244 1173 et
1261 1136 1450 1186 Augustus
1466 1147 1534 1172 nec
1559 1139 1595 1172 te

150 1191 268 1232 amat,
285 1199 351 1225 nec
366 1190 485 1237 ipsum
502 1200 552 1232 se,
575 1189 639 1237 qui
656 1189 823 1225 inimicos
839 1201 922 1226 suos
938 1193 1071 1226 servat.
1124 1188 1175 1226 Et
1194 1189 1293 1225 clare
1312 1201 1361 1225 ex
1392 1188 1457 1224 illo
1483 1187 1594 1225 Mar-

148 1239 251 1278 tialis
273 1243 309 1284 1,
327 1243 390 1278 82.
443 1241 480 1277 Ε
496 1253 599 1277 servo
617 1242 686 1277 scis
704 1245 740 1277 te
766 1243 944 1289 genitum,
964 1241 1162 1290 blandeque
1180 1241 1336 1291 fateris,
1357 1239 1449 1278 Cum
1477 1241 1597 1277 domi-

149 1303 239 1330 num
273 1293 454 1343 appellas,
493 1293 695 1335 Sosibiane,
725 1297 881 1342 patrem.
934 1293 1045 1333 Quod
1083 1293 1218 1330 fratres
1249 1293 1302 1329 sic
1330 1293 1422 1329 dicti
1439 1308 1447 1329 :
1490 1291 1595 1330 locus

148 1343 302 1394 elegans
321 1345 470 1382 Senecae
487 1347 594 1395 epist.
618 1348 691 1382 104
713 1347 842 1393 (105).
899 1346 1001 1382 Illud
1018 1346 1108 1383 mihi
1124 1347 1164 1382 in
1183 1357 1246 1383 ore
1261 1350 1341 1382 erat
1368 1346 1508 1382 domini
1524 1347 1598 1382 mei

157 1397 355 1440 Gallionis,
373 1401 452 1446 qui,
473 1409 554 1434 cum
571 1398 610 1434 in
627 1397 775 1435 Achaia
780 1397 921 1448 febrim
939 1398 1067 1435 habere
1085 1399 1246 1447 cepisset,
1265 1397 1455 1448 confestim
1471 1399 1598 1435 navim

153 1451 360 1488 conscendit
371 1465 387 1487 .-
414 1450 609 1487 clamitans
625 1461 699 1486 mm
716 1452 878 1500 corporis
895 1462 979 1495 esse,
998 1452 1062 1488 sed
1080 1452 1150 1487 loci
1167 1450 1340 1487 morbum.
1360 1457 1448 1486 n‘am
1474 1450 1598 1500 loqui-

151 1510 218 1539 tur
234 1501 280 1539 de
298 1502 415 1539 fratre
431 1501 455 1537 J
462 1503 550 1538 unio
569 1502 754 1540 Gallione.
808 1502 975 1553 Itemque
994 1502 1174 1553 conjuges
1192 1504 1289 1539 inter
1309 1514 1349 1539 se
1372 1515 1418 1538 eo
1445 1504 1597 1539 nomine

151 1555 223 1592 usi.
275 1553 409 1603 virgil.
438 1553 529 1591 AEn.
547 1559 586 1597 4,
604 1557 696 1592 214.
730 1585 762 1592 ..
780 1584 813 1593 ..
847 1556 1031 1592 dominum
1059 1555 1222 1592 AEneam
1253 1555 1291 1591 in
1321 1567 1434 1603 regna
1465 1557 1598 1604 recepi.

150 1605 305 1644 Sueten.
323 1605 484 1643 Claudio
501 1610 566 1646 89.
622 1607 768 1645 Occi-ssa
785 1607 1017 1652 Messallina,
1037 1609 1165 1656 paullo
1185 1612 1382 1657 postquam
1408 1609 1448 1644 in
1477 1609 1596 1645 tricli—

149 1658 215 1695 nio
235 1658 417 1702 decubuit,
437 1670 501 1696 cur
519 1660 669 1696 domina
686 1671 758 1696 non
775 1662 925 1705 veniret,
944 1662 1149 1710 requisivit.
1204 1660 1337 1709 Vin-gil.
1355 1663 1394 1703 6,
1413 1663 1505 1702 397.
1522 1690 1532 1697 .
1550 1690 1558 1697 .
1576 1690 1588 1697 .

152 1711 340 1748 dominam
367 1711 476 1748 Ditis
503 1711 668 1749 thalamo
686 1712 860 1750 deducere
887 1715 1026 1751 adorti.
1079 1713 1145 1750 ubi
1171 1712 1346 1749 Servius:
1377 1713 1441 1749 De
1473 1713 1598 1750 Graeco

151 1767 314 1801 tractum
341 1769 408 1807 est,
427 1764 492 1812 qui
517 1776 663 1801 uxorem
689 1762 854 1802 δέσποιναν
883 1767 1021 1803 dicunt.
1073 1765 1186 1816 Apud
1215 1764 1507 1803 Jurisconsultos
1537 1765 1598 1802 De

150 1814 288 1864 Legat.
342 1816 436 1853 Peto
451 1816 513 1853 abs
533 1821 581 1860 te,
601 1817 750 1854 domina
766 1830 868 1856 uxor.
921 1818 957 1855 E
985 1819 1116 1855 ictetus
1134 1831 1167 1855 c.
1185 1822 1249 1856 40.
1307 1816 1354 1855 Αἱ
1377 1819 1528 1862 γυναῖκες
1546 1816 1598 1853 2¹3-

150 1864 214 1908 θῦς
230 1867 299 1905 elz-3
315 1866 617 1920 τινα-αιςεηαίδῐκω
642 1868 717 1906 {vdit
746 1871 809 1906 ὖπό
836 1870 898 1907 vsu
922 1832 1046 1922 ᾆνςςοῖν
1071 1870 1182 1923 xvgc'ou
1208 1871 1402 1908 καλοῦνται.
1458 1869 1526 1908 Uti
1558 1877 1599 1908 et

151 1918 348 1958 adversum
367 1922 520 1965 amicas,
540 1922 677 1971 passim
695 1922 734 1958 in
753 1923 884 1973 poetis.
939 1923 1011 1959 Sed
1038 1930 1074 1960 et
1107 1923 1236 1960 obvios
1264 1922 1391 1971 vulg0,
1411 1921 1596 1959 Dominos

143 1972 351 2011 vocabant.
404 1972 511 2010 Idem
541 1973 682 2010 Seneca
720 1974 794 2024 Ep.
830 1979 869 2013 3.
925 1975 1111 2018 Quomodo
1143 1975 1275 2021 obvios,
1308 1977 1340 2012 si
1368 1986 1497 2012 nomen
1525 1987 1598 2012 non

120 2055 123 2057 >
150 2027 347 2071 succurrit,
378 2026 543 2063 dominos
572 2026 788 2063 salutamus.
844 2026 956 2064 Lusit
986 2028 1176 2078 eleganter
1205 2030 1244 2065 in
1276 2040 1321 2065 eo
1351 2040 1454 2064 moi-e
1485 2035 1597 2078 poeta

152 2077 308 2115 Graecus
327 2077 499 2129 (Pallada
523 2078 650 2126 Alex.)
681 2080 721 2116 in
746 2079 979 2131 Anthologia
1012 2085 1047 2119 1.
1075 2085 1139 2120 42.
1166 2081 1224 2120 ed.
1252 2080 1331 2119 Frf.
1354 2084 1465 2119 1600.
1492 2087 1529 2117 et
1557 2080 1599 2123 in

149 2127 333 2169 Brunckii
353 2130 452 2168 anal.
470 2134 556 2169 t.-2.
575 2143 611 2182 p.
630 2134 721 2170 413.

350 2179 419 2220 *flu
437 2182 453 2219 ὅ
470 2181 566 2229 φίλος
583 2182 622 2220 τί
634 2180 737 2235 λέξῃ,
756 2184 872 2232 Δόμινε
889 2184 1028 2237 ‹peda-eg,
1047 2184 1140 2226 εὖθὺς
1155 2183 1313 2238 ἐ’γςσιψεν·

400 2233 470 2272 ’Ἢν
488 2233 521 2272 δὲ
536 2231 584 2272 αὖ
597 2235 677 2283 μήτε
692 2233 796 2287 λέξῃ,
813 2239 850 2273 τὸ
866 2236 998 2290 Φςάτεζ
1014 2234 1082 2275 εἷπε
1095 2237 1200 2286 μόνον.

351 2284 461 2324 ’Ώηα
477 2287 546 2338 φὶς
562 2289 621 2324 καὶ
638 2290 752 2326 ταῦτα
767 2289 813 2325 τὰ
831 2290 976 2340 ῥήματα.
1029 2290 1147 2343 Αὐτὰρ
1164 2287 1268 2337 ’ἔγωγε

415 2338 487 2377 Οὐκ
503 2338 601 2379 ἰθίλη
619 2337 749 2390 Aluan·
777 2340 815 2378 οὗ
829 2342 900 2394 γὰς
916 2340 982 2392 ἔχω
1000 2340 1140 2392 Mutum.

809 2921 940 2958 Μηνὶ
