1858 3164
471 132 557 169 AD
592 130 838 173 ANNAL.
871 125 999 171 LIB.
1024 130 1098 169 XI.
1459 136 1543 175 559

102 231 234 331 ,ὅς’
368 236 372 238 ἡ
553 236 1028 328 ὲἑ-ΛΖέι“’3,;,νὲι“ιι“η“αδιιεωιᾱα.

91 336 1546 453 ‘digigtnsstzzz::;}::::::::SAINE::::::NOVO

107 455 739 501 e-:.·.:::::::::D1VVS
771 455 950 497 AVG·
906 487 1058 499 .....
1046 455 1546 501 -NO.::::::LVS.

109 512 201 555 ET.
237 513 532 556 PATRVVS.
566 512 644 554 TI.
684 511 942 554 CAESAR.
975 510 1234 554 OMNEM.
1269 513 1548 557 FLOREM.

108 566 367 618 VBIQVE.
412 567 855 612 COLONIARVM.
894 567 994 610 AC.
1038 567 1547 614 MVNICIPIORVM.

107 619 444 668 BONORVM.
467 624 767 667 SCILICET.
794 623 1110 667 VIRORVM.
1130 623 1221 666 ET.
1244 625 1404 667 LOCV
1412 627 1550 669 PLE-

30 717 38 730 ‚
107 679 291 723 nm.
327 680 412 723 IN.
450 681 597 724 HAG.
636 680 846 722 CVRIA.
883 680 1040 722 ESSE.
1084 680 1330 724 VOLVIT.
1373 675 1567 730 QVID.'

99 730 301 780 ERGO.
323 737 479 779 ΝΟΝ.
504 737 804 780 ITALICVS.
837 736 1142 780 SENATOR.
1176 737 1550 781 PROVINCIA

111 791 206 835 Ιίῐέ·
220 792 502 836 POTIOR?
567 794 691 836 EST.
734 793 870 834 IAM.
911 793 1113 836 VOBIS.
1156 793 1309 836 CVM.
1352 794 1547 839 HANC.

106 846 385 892 PARTEM.
407 849 753 892 CENSVRAE.
775 849 968 892 MEAE.
985 849 1381 892 APPROBARE.
1405 851 1550 895 COE-

104 903 295 948 PERO.
343 906 517 953 QVID.
563 906 662 948 DE.
711 905 825 947 EA.
842 905 942 947 RE.
991 906 1288 954 SENTIAM.
1332 906 1546 953 REBVS.

102 959 473 1006 ..OSTENDAM
495 961 627 1004 SED
648 961 747 1004 NE.
772 961 1253 1005 PROVINCIALES.
1275 963 1548 1009 QVIDEM.

108 1014 195 1059 sl.
224 1016 430 1060 MODO.
465 1017 746 1060 ORNARE.
779 1017 1046 1060 CVRIAM.
1080 1016 1414 1062 POTERINT.
1444 1020 1549 1063 RE

99 1071 466 1116 eil-[moos.
489 1074 668 1116 PVTO.

144 1128 614 1172 ORNATISSIMA.
635 1129 811 1173 ECCE.
834 1130 1132 1174 COLONIA.
1160 1115 1547 1175 VALENTISSI-

94 1153 347 1233 MAQVE.
387 1186 850 1229 VIENNENSIVM.
882 1187 1084 1234 QVAM.
1126 1187 1362 1231 LONGO.
1403 1188 1544 1232 IAM.

95 1239 427 1285 TEMPORE.
477 1242 851 1289 SENATORES.
901 1243 1073 1286 HVIC.
1111 1243 1361 1286 CVRIAE.
1394 1245 1546 1287 CON-

106 1296 283 1340 FERT.
329 1297 434 1340 EX.
484 1300 628 1346 QVA.
678 1299 978 1341 COLONIA.
1029 1299 1239 1341 INTER.
1290 1300 1548 1344 PAVCOS.

108 1350 466 1401 DQVESTRIS.
508 1355 792 1398 ORDIMS.
830 1355 1307 1398 ORNAMENTVM.
1351 1357 1412 1398 L:
1446 1358 1548 1401 VE-
1619 1348 1622 1350 Ὺ

106 1408 365 1453 STINVM.
382 1411 925 1454 FAMILIARISSIME.
948 1412 1188 1454 DILIGO.
1207 1411 1297 1454 ET.
1319 1412 1548 1457 HODIE-

102 1465 251 1513 QVE.
269 1465 355 1508 IN.
390 1467 605 1509 REBVS.
630 1467 799 1509 MEIS.
829 1467 1124 1511 DETINEO.
1158 1469 1355 1511 CVIVS.
1381 1470 1547 1513 LIBE-

106 1520 192 1563 RI.
212 1522 564 1566 FRVAM'VR.
588 1522 849 1571 QVAESO.
875 1524 1099 1566 PRIMO.
1122 1525 1547 1569 SACERDOTIO-

98 1571 266 1620 RVH.
284 1578 523 1622 GRADV.
546 1580 714 1622 POST.
739 1579 946 1622 MODO.
968 1580 1121 1623 CVM.
1158 1581 1364 1624 ANNIS.
1396 1583 1546 1625 PRO-

109 1633 373 1677 MOTVRI.
398 1635 778 1678 DIGNITATIS.
802 1637 973 1679 SVAE.
995 1637 1432 1681 INCREMENTA.
1452 1639 1549 1684 VT.

110 1689 339 1732 DIRVM.
362 1691 609 1735 NOMEN.
645 1692 971 1735 LATRONIS.
1001 1693 1276 1736 TACEAM.
1300 1694 1391 1736 ET.
1414 1694 1546 1739 ODI.

110 1745 315 1789 ILLVD.
339 1747 794 1791 PALESTRICVM.
814 1749 1200 1792 PRODIGIVM.
1223 1751 1417 1796 QVOD.
1437 1752 1547 1794 AN-

107 1801 303 1846 TE-LN.
323 1803 584 1846 DOMVM.
598 1805 1039 1848 CONSVLATVM.
1055 1805 1203 1848 INTV
1212 1806 1327 1849 LIT.
1341 1808 1542 1854 QVAM.

110 1857 408 1901 COLONIA.
456 1861 585 1903 SVA.
623 1861 924 1904 SOLIDVM.
969 1862 1294 1904 CIVITATIS.
1338 1863 1546 1906 ROMA-

109 1913 251 1956 NAE.
304 1915 720 1959 BENEFICIVM:
758 1917 1141 1962 CONSECVTA.
1187 1918 1308 1960 EST.
1361 1920 1543 1962 IDEM.

109 1966 211 2013 DE.
238 1971 498 2014 FRATRE.
522 1973 674 2014 EIVS.
709 1973 971 2021 POSSVM.
1008 1974 1259 2016 DICERE.
1283 1975 1544 2018 MISERA-

106 2025 254 2072 BILI.
274 2027 544 2073 QVIDEM.
577 2029 1176 2077 INDIGNISSIMOQVE.
1200 2031 1349 2074 HOC.
1372 2033 1543 2074 CASV.
1577 2050 1581 2054 -

108 2081 205 2180 gfff
235 2083 434 2127 VOBIS.
460 2083 675 2127 VTILIS.
708 2085 1010 2131 SENATOR.
1041 2086 1199 2128 ESSE.
1234 2087 1384 2130 NON.
1410 2089 1544 2131 POS-

110 2192 376 2236 TEMPVS.
416 2195 538 2238 EST.
575 2197 711 2239 IAM.
744 2196 821 2239 TI.
856 2197 1113 2240 CAESAR.
1149 2197 1546 2241 GERMANICE.

110 2248 461 2294 DETEGERE.
491 2252 583 2294 TE.
606 2252 924 2296 PATRIBVS.
947 2254 1378 2296 CONSCRIPTIS.
1397 2255 1543 2302 QVO.

110 2304 378 2348 TENDAT.
427 2308 680 2351 ORATIO.
722 2309 859 2351 TVA.
899 2309 1033 2351 IAM.
1078 2310 1258 2351 ENIM.
1298 2311 1399 2352 AD.
1436 2310 1545 2352 EX-

105 2360 382 2460 §Eg—MOS.
417 2363 612 2406 FINES.
634 2365 921 2408 GALLIAE.
952 2366 1411 2408 NARBONENSIS.
1446 2366 1546 2408 VE-

109 2471 247 2517 TOT.
298 2473 472 2516 ECCE.
524 2475 834 2519 INSIGNES.
886 2477 1167 2519 IVVENES.
1220 2477 1402 2523 QVOT.
1457 2477 1547 2519 IN-

108 2528 332 2572 TVEOR.
368 2530 519 2573 NON.
555 2532 771 2575 MAGIS.
807 2533 980 2575 SVNT.
1015 2532 1419 2575 PAENITENDI.
1453 2533 1544 2576 SE-

111 2585 413 2630 NATORES.
436 2587 635 2635 QVAM.
663 2588 983 2630 PAENITET.
1008 2588 1344 2630 PERSICVM.
1369 2590 1544 2632 NOBI-

112 2639 435 2684 LISSIMVM.
478 2643 702 2686 VIRVM.
752 2645 1031 2687 AMICVM.
1077 2643 1283 2684 MEVM.
1338 2644 1542 2687 INTER.

109 2695 442 2740 IMAGINES.
481 2700 806 2742 MAIORVM.
840 2700 1115 2742 SVORVM.
1157 2700 1543 2743 ALLOBROGI-

19 2784 21 2787 .
110 2751 188 2794 CI.
222 2753 467 2798 NOMEN.
492 2756 752 2798 LEGERE.
788 2756 981 2803 QVOD.
1005 2755 1074 2797 SI.
1100 2755 1285 2799 HAEC.
1312 2757 1428 2802 ITA.
1455 2757 1545 2800 Es-
