1858 3164
306 145 384 181 558
697 139 735 177 J.
772 137 973 178 mrsu
1012 128 1360 179 Exctmsns

301 237 507 281 INOPI.
531 237 623 281 VT.
648 238 831 287 QVAE.
847 238 1007 281 TALI.
1032 238 1080 280 Μ
1089 236 1297 280 ARITO.
1326 236 1616 283 NECESSE.
1637 235 1749 281 HA-

308 294 555 338 BVERIT.
587 294 1026 338 SVCCVMBERE.
1050 294 1125 337 CV
1140 294 1202 336 M.
1239 293 1425 338 DOMI.
1448 293 1751 344 REPELLE-

306 350 532 394 RETVR.
549 351 604 394 A.
621 350 959 395 GERENDIS.
983 348 1370 394 HONORIBVS.
1393 349 1750 401 POSTQVAM.

310 406 570 451 ROMAM.
605 405 940 450 MIGRAVIT.
973 406 1263 453 REGNVM.
1296 405 1593 450 ADEPTVS.
1622 400 1750 449 EST.

310 463 483 507 HVIC.
499 463 713 511 QVOQV
723 462 773 505 E.
786 462 876 505 ET.
887 461 1072 506 FILIO.
1087 462 1418 507 NEPOTIVE.
1432 458 1584 505 EIVS.
1595 461 1751 505 ΝΛΜ.

312 519 401 562 ΕΤ.
417 518 565 562 HOC.
582 518 789 562 INTER.
806 518 1147 562 AVCTORES.
1161 517 1527 563 DISCREPAT.
1545 514 1753 564 INSER-

311 576 439 618 TVS.
474 575 749 617 SERVIVS.
782 574 1064 618 TVLLlVS.-
1094 575 1167 618 SI.
1206 575 1506 619 NOSTROS.
1546 573 1755 622 SEQVI-

312 632 469 674 MVR.
501 631 786 674 CAPTIVA.
828 631 1043 673 NATVS.
1074 632 1359 675 OCRESIA.
1395 631 1467 674 SI.
1504 630 1752 674 TVSCOS.

313 688 514 730 CAELI.
546 687 886 735 QVONDAM.
912 687 1253 731 VIVENNAE.
1282 686 1562 742 SODALIS.
1585 685 1755 730 FIDE-

315 744 615 787 LISSIMVS.
663 742 1014 791 OMNISQVE.
1067 743 1220 786 EIVS.
1250 742 1479 787 ·CASVS.
1524 741 1756 786 COMES.

314 799 671 848 POSTQVAM.
696 800 904 842 VARIA.
936 799 1247 843 FORTVNA.
1281 799 1579 843 EXACTVS.
1601 798 1755 841 CVM.

312 857 618 900 OMNlssVS.
657 854 994 904 RELIQVIIS.
1034 855 1351 899 CAELIANI.
1385 854 1754 899 EXERCITVS.

315 910 1758 958 ETRVRIA.EXCESSIT.MONTEM.CAELIVM.OCCV·

315 969 516 1012 PAVIT.
535 968 625 1011 ET.
647 969 703 1011 A.
729 968 911 1011 DVCE.
941 969 1075 1012 SVO.
1099 969 1348 1011 CAELIO.
1383 967 1501 1011 ITA.
1534 963 1757 1009 APPEL-

316 1025 588 1070 LITATVS.
617 1024 962 1072 MVTATOQV
971 1024 1022 1067 E.
1053 1024 1327 1068 NOMINE.
1359 1022 1517 1067 ΝΛΜ.
1545 1021 1756 1067 TVSCE.

314 1081 675 1125 MASTARNA.
698 1081 776 1124 EI.
810 1080 1061 1124 NOMEN.
1097 1081 1274 1124 ERAT.
1307 1080 1425 1122 ITA.
1453 1075 1758 1123 APPELLA-

312 1138 441 1182 TVS.
463 1138 585 1181 EST.
608 1138 700 1181 VT.
727 1138 890 1181 DIXI.
912 1137 1002 1180 ET.
1025 1137 1315 1180 REGNVM.
1337 1135 1582 1180 SVMMA.
1603 1135 1757 1179 CVM.

315 1195 480 1239 REIP.
520 1194 863 1238 VTILITATE.
908 1193 1054 1236 OPTI
1107 1193 1225 1237 VIT.
1271 1192 1532 1237 DEINDE.
1583 1191 1757 1235 POST-

315 1252 515 1300 QVAM.
533 1250 862 1299 TARQVINI.
882 1249 1081 1293 SVPER
1126 1249 1163 1292 1.
1185 1248 1417 1292 MORES.
1441 1247 1653 1292 INVISI.
1672 1247 1758 1291 CI·

314 1307 539 1351 V1TAT1.
564 1306 867 1349 NOSTRAE.
892 1306 1051 1349 ESSE.
1073 1304 1468 1349 COEPBRVNT.
1498 1304 1583 1353 ω’
1586 1304 1644 1347 A.
1675 1303 1760 1346 ΙΡ-

313 1365 465 1407 SIVS.
489 1363 634 1411 QVA.
669 1362 1000 1406 FILIORVM.
1037 1361 1189 1405 EIVS.
1224 1361 1460 1404 NEMPE.
1496 1359 1760 1403 PERTAE-

314 1420 459 1463 SVM.
503 1419 627 1462 EST.
682 1418 951 1462 MENTES.
999 1418 1215 1461 REGNI.
1259 1417 1349 1460 ET.
1385 1417 1489 1460 AD.
1530 1416 1758 1459 CONSV—

316 1477 440 1520 LES.
458 1476 541 1518 AN
551 1476 729 1519 NVOS.
753 1473 1211 1518 MAGISTRATVS.
1231 1471 1758 1517 ADMINISTRATIO.

316 1533 481 1577 REIP.
501 1530 886 1575 TRANSLATA.
909 1529 1033 1573 EST.

372 1588 548 1638 QVID.
580 1588 772 1630 NVNC.
809 1585 1308 1631 COMMEMOREM.
1344 1583 1759 1629 DICTATVRAE.

278 1657 285 1664 ·
366 1646 466 1689 OC.
515 1644 672 1687 IPSO.
722 1643 1096 1687 CONSVLARI.
1142 1642 1489 1686 IMPERIVM.
1530 1640 1760 1684 VALEN-

354 1703 468 1747 IVS.
503 1700 864 1744 REPERTVM.
896 1700 1083 1743 APVD.
1126 1699 1435 1744 MAIORES.
1461 1696 1761 1752 NOSTROS.

315 1759 463 1808 QVO.
499 1756 585 1799 IN.
607 1755 1083 1800 ASPERIORIBVS.
1117 1755 1352 1800 BELLIS.
1381 1753 1518 1800 AVT.
1553 1753 1641 1801 IN.
1675 1752 1762 1796 01.

312 1814 462 1859 VILI.
489 1814 684 1857 MOTV.
719 1812 1171 1857 DIFFICILIORE.
1204 1810 1596 1857 VTERENTVR.
1623 1808 1763 1854 AVT.

316 1872 403 1916 IN.
432 1870 778 1914 AVXILIVM.
815 1868 1049 1913 PLEBIS.
1092 1869 1392 1913 CREATOS.
1427 1865 1762 1912 TRIBVNOS.

320 1927 559 1971 PLEBEI.
593 1926 767 1974 QVID.
790 1927 845 1969 A.
881 1925 1286 1969 CONSVLIBVS.
1314 1925 1417 1967 AD.
1449 1921 1764 1971 DECEMVL-

317 1985 453 2028 Ros,
500 1982 943 2026 TRANSIATVM.
985 1981 1331 2025 IMPERIVM.
1376 1978 1763 2028 SOLVTOQVE.

319 2040 572 2084 POSTEA.
623 2038 1086 2084 DECEMVIRALI.
1130 2038 1367 2081 REGNO.
1398 2036 1503 2081 AD.
1535 2035 1765 2082 CONSV·

319 2097 445 2141 LES.
489 2095 744 2139 RVRSVS.
785 2094 1096 2138 REDITVM.
1129 2094 1308 2143 QVID.
1339 2092 1764 2137 1MP.:=::VRIS.

321 2151 773 2201 DISTRIBVTVM.
804 2151 1197 2195 CONSVLARE.
1245 2149 1592 2195 IMPERIVM.
1625 2147 1766 2195 TRI-

318 2208 673 2257 BVNOSQVE.
720 2207 1021 2251 MILITVM.
1058 2206 1434 2251 CONSV-LARI.
1471 2205 1767 2251 IMPERIO.

317 2264 734 2311 APPELLATOS.
777 2265 903 2313 QVI.
935 2264 1094 2307 SENI.
1130 2263 1219 2307 ET.
1260 2262 1470 2307 SAEPE.
1508 2261 1765 2315 OOTOM.

321 2321 763 2368 CREARENTVR.
798 2320 973 2370 QVID.
1015 2318 1550 2365 COMMVNICATOS.
1583 2318 1766 2367 POST-

323 2378 522 2423 REMO.
554 2378 710 2422 CVM.
743 2377 957 2428 PLEBE.
990 2377 1309 2421 HONORES.
1343 2375 1494 2420 NON.
1518 2373 1766 2420 IMPBRL

321 2435 552 2480 SOLVM.
573 2434 707 2480 SED.
730 2433 1218 2478 SACERDOTIORV
1229 2433 1293 2475 M.
1327 2429 1605 2482 QVOQVE.
1627 2430 1766 2476 IAM.

322 2493 395 2535 SI.
436 2490 728 2536 NARREM.
761 2490 976 2534 BELLA.
1017 2490 1072 2533 A.
1111 2490 1355 2538 QVIBVS.
1387 2486 1765 2533 COEPERINT.

326 2548 628 2591 MAIORES.
651 2546 898 2591 NOSTRI.
934 2546 1023 2589 ET.
1047 2547 1195 2594 Qvo.
1231 2542 1764 2589 PROCESSERIMVS.

324 2604 596 2649 VEREOR.
627 2604 727 2647 NE.
758 2603 972 2647 NIMIO.
1009 2601 1450 2646 INSOLENTIOR..
1489 2598 1647 2643 ESSE.
1680 2600 1767 2644 VI·
1851 2598 1858 2645 ἰ

327 2660 514 2704 DEAR.
567 2660 658 2703 ET.
709 2658 1058 2709 QVAESISSE.
1111 2658 1256 2701 IAC‘l'
1259 2656 1565 2702 ATIONEM.
1617 2655 1766 2701 GLo
1852 2664 1858 2697 i

325 2716 489 2759 RIAE.
533 2716 822 2763 PROLATI.
865 2715 1135 2760 IMPERII.
1180 2714 1397 2758 vL'rRA.
1437 2712 1765 2757 OCEANVM.
1852 2741 1858 2770 4

325 2772 460 2818 SED.
484 2773 684 2817 ILLOC.
719 2772 955 2818 POTIVS.
979 2770 1333 2816 REVERTAR.
1356 2767 1720 2814 CIVITATEM.
1852 2774 1858 2831 ff

1850 2837 1858 2970 ἓ
