1858 3164
418 270 782 381 th'sfri⁴
821 315 1181 379 LIPSII

607 439 971 497 EXCURSUS

764 583 830 612 An

204 666 1367 852 ANNALIUM

660 850 801 894 L'IB.
843 851 935 894 XI.

654 975 947 1001 ,-.--..-.-.

158 1061 352 1111 Tabuloe
371 1078 515 1112 oeneoe
536 1066 642 1112 duoe
663 1067 898 1127 Lugduni
919 1073 1065 1113 erutoe
1086 1067 1153 1113 ad
1173 1066 1295 1114 latus
1315 1066 1430 1114 oedis

256 1141 306 1187 S.
325 1141 589 1189 Sebastiani
611 1143 676 1190 A.
709 1149 846 1189 1529.
872 1155 976 1205 quce
998 1143 1184 1190 Claudii
1205 1144 1330 1207 Imp.
1397 1176 1399 1178 >

338 1213 610 1285 Orationem
630 1218 880 1275 continent,
904 1232 1048 1279 super
1067 1219 1252 1267 civitate

555 1327 565 1338 .
617 1292 768 1340 Gallis
791 1293 963 1340 danda.

649 1423 946 1450 *-

522 1515 778 1554 PAGI‘NA
815 1514 1047 1553 PRIMA.

593 1609 629 1651 C
643 1609 684 1650 A
700 1609 750 1652 P.
797 1609 981 1652 XXIV.

65 1703 222 1747 ΜΑΕ.
251 1675 492 1746 RERVM.
543 1703 797 1746 NOSTR·
755 1735 879 1747 .....
869 1703 996 1745 ·SII
1038 1719 1289 1747 :2::::::::
1334 1702 1507 1754 EQVI-

72 1758 226 1803 DEM.
262 1758 540 1802 PRIMAM.
572 1721 858 1812 OMNIVM.
892 1759 1511 1804 ILLAM.COGITAT10-.

70 1817 225 1858 NEM.
267 1815 604 1859 HOMINVM.
647 1815 846 1863 QVAM.
884 1815 1172 1858 MAXIME.
1224 1816 1505 1860 PRIMAM.

69 1872 516 1915 OCCVRSVRAM.
550 1871 720 1914 MIHI.
761 1871 1103 1915 PROVIDEO.
1148 1871 1504 1916 DEPRECOR.

70 1928 168 1971 NE.
192 1929 392 1976 QVASI.
427 1928 670 1971 NOVAM.
705 1927 913 1970 ISTAM.
947 1928 1102 1970 REM.
1133 1929 1506 1973 INTRODVCI.

69 1984 611 2028 EXHORRESCATIS.
637 1984 770 2027 SED.
800 1984 957 2027 ILLA.
982 1984 1217 2028 POTIVS.
1250 1985 1507 2029 COGITE-

66 2040 177 2083 TIS.
209 2041 408 2089 QVAM.
432 2040 661 2083 MVLTA.
693 2041 778 2083 IN.
800 2041 946 2083 HAC.
981 2040 1286 2085 CIVITATE.
1311 2042 1507 2085 NOVA-

66 2096 159 2138 TA.
186 2097 341 2140 SINT.
377 2097 466 2139 ET.
501 2097 771 2145 QVIDEM.
806 2091 1052 2139 STATIM.
1086 2098 1182 2140 AB.
1214 2098 1502 2141 ORIGINE.

66 2153 268 2195 VRBIS.
280 2153 589 2196 NOSTRAE.
623 2154 707 2196 IN.
731 2153 924 2201 QVOD.
958 2153 1231 2197 FORMAS.
1257 2153 1505 2197 STATVS-

69 2209 209 2256 QVE.
232 2208 363 2252 RES.
384 2210 435 2251 P.
458 2208 720 2252 NOSTRA.
746 2209 1043 2252 DIDVCTA.
1067 2210 1177 2252 SIT.

124 2265 463 2313 QVONDAM.
485 2266 702 2309 REGES.
724 2266 916 2309 HANG.
937 2265 1059 2308 TEN
1066 2265 1246 2309 VERE.
1263 2265 1515 2309 VRBEM..

68 2319 167 2364 NE.
233 2321 471 2370 [TAMEN.
535 2321 933 2365 DOMESTICIS.
990 2322 1503 2366 SVCCESSORIBVS.

68 2376 219 2419 EAM.
238 2371 553 2430 H'RADERE.
589 2378 909 2422 CONTIGIT.
940 2378 1408 2424 SVPERVENERE.
1442 2378 1505 2420 A-

67 2432 258 2477 LIENI.
280 2433 369 2476 ET.
403 2434 674 2482 QVIDAM.
711 2434 1010 2477 EXTERNI.
1044 2436 1136 2477 VT.
1171 2434 1372 2477 NVMA.
1396 2434 1504 2477 RO-

65 2489 262 2533 MVLO.
301 2490 726 2533 SVCCESSERIT.
773 2491 873 2533 EX.
912 2491 1171 2534 SABINIS.
1212 2489 1501 2532 VENIENS.

66 2545 335 2588 VICINVS.
359 2546 629 2594 QVIDEM.
653 2547 784 2590 SED.
812 2546 994 2590 TVNC.
1031 2545 1379 2589 EXTERNVS.
1410 2546 1501 2589 VT.

66 2601 254 2645 ANCO.
293 2602 559 2646 MARCIO.
602 2602 1310 2649 PRISCVS.TARQV1NIVS.
1354 2601 1502 2646 PRO·

68 2656 242 2700 PTER.
275 2657 687 2703 TEMERATVM.
731 2658 1123 2702 SANGVINEM.
1167 2657 1365 2704 QVOD.
1401 2658 1502 2701 PA-

65 2712 202 2755 QPRE
255 2713 620 2758 DEMARATO.
664 2714 1038 2759 CORINTHIO.
1075 2713 1287 2756 NATVS.
1323 2713 1499 2757 ERAT.

67 2767 178 2810 ET.
198 2767 667 2818 TARQVINIENSI.
707 2771 940 2816 MATRE.
983 2769 1332 2815 GENEROSA.
1367 2770 1499 2816 SED.
