1858 3164
569 155 655 196 AD
690 142 1096 202 alsuanjll'z.
1130 151 1174 201 Ι.Δ
1235 194 1248 202 χ
1498 158 1600 204 *1⁵1⁵

132 245 317 314 &paullo
334 264 423 298 ante
440 263 553 297 natus
571 259 857 309 sigiwater
870 256 911 294 in
929 255 1137 294 Germania
1153 256 1279 305 esset?
1298 254 1400 306 quid,
1416 255 1451 304 si
1465 256 1598 308 paullo

123 308 248 367 'pa-t.)
270 311 440 359 Deinde,
452 306 674 357 meonio,
685 309 871 361 quaeritur
899 309 1051 359 quando
1076 314 1190 353 natus
1219 307 1396 358 Caligula
1423 310 1486 354 sit,
1515 322 1595 349 non

123 364 290 418 <pando
303 367 422 403 satus.
476 362 616 410 Nonne
633 363 717 414 ipso
734 369 844 413 patre
862 361 1042 407 Consule,
1061 368 1107 399 ut
1132 367 1177 399 tu
1192 361 1264 406 vis,
1283 361 1388 398 nasci
1407 362 1534 412 potuit
1549 364 1591 401 in

128 417 405 465 umislNec
430 417 531 455 enim
555 428 650 467 opus
669 414 781 460 credo
807 427 892 453 eam
911 413 960 452 ad
977 427 1057 452 rem
1074 414 1275 466 praesentia
1302 414 1432 465 patris.
1484 413 1589 453 Nam

134 470 573 515 Germanicnmeonstat
589 481 638 506 ex
654 461 781 504 Dione
799 462 867 513 5'7',
891 472 951 506 18.
985 467 1117 505 statim
1135 479 1159 514 a
1176 466 1282 504 clade
1310 465 1476 504 Variana
1494 478 1587 504 con-

132 524 300 563 tinenter
316 523 358 561 in
374 517 579 560 Germania
596 520 791 565 mansisse,
811 520 859 558 ad
876 520 977 558 hunc
998 533 1115 571 usque
1134 519 1398 558 Consulatum.
1457 518 1586 571 Suspi-

134 576 216 614 cari
233 582 361 622 antem
375 572 621 626 probabiliter
632 585 801 624 possum,
814 585 984 617 uxorem,
999 585 1084 623 qnae
1098 571 1244 609 tumida
1257 579 1295 610 et
1308 572 1433 621 vicina
1446 573 1587 622 partui,

133 628 305 677 reliam
320 626 435 667 obeo
452 625 493 663 in
511 625 731 669 Germania,
746 624 865 664 donec
885 631 1035 663 uterum
1051 625 1250 676 posuisset.
1304 623 1407 662 Nam
1426 626 1587 663 circum-

134 680 227 731 duci
245 681 291 729 in
315 678 432 729 longo
458 679 592 716 itinere
619 677 792 725 feminas,
812 685 856 716 ut
881 679 996 729 prisci
1012 678 1205 723 dicebant,
1221 678 1417 721 incientes,
1436 690 1515 714 non
1540 691 1589 715 ex

134 743 256 781 m
272 735 352 774 non
369 744 418 769 ex
434 743 518 780 usu.
570 731 703 768 Potuit
721 743 813 780 ergo
831 731 937 768 nasci
952 732 992 767 in
1018 731 1150 768 castris
1168 736 1208 767 et
1225 736 1353 769 tamen
1371 731 1411 767 in
1439 728 1586 778 Consu-

131 781 363 836 mm·
414 782 488 821 Sed
506 784 547 821 in
563 784 671 821 Actis
697 784 856 834 reperio,
876 784 946 828 ais,
966 791 1098 822 natum
1123 795 1209 820 eum
1236 783 1357 820 Anni.
1416 782 1535 827 Quid,
1555 785 1587 820 si

127 846 272 883 men
288 836 359 875 tibi
377 837 553 887 imponit,
573 845 613 873 et
636 837 736 873 Acta
753 836 800 873 de
819 836 895 873 alio
913 837 1089 887 quopiam
1107 834 1315 884 Caio,‚filio
1333 837 1475 886 pariter
1491 835 1589 873 Ger-

123 883 288 935 mani-ci,
301 890 522 928 senserunt?
540 887 634 926 Non
649 889 752 935 enim
769 887 952 938 caligulae
971 901 1181 938 cognomen
1195 888 1418 926 discriminis
1437 901 1585 934 caussa,

132 942 285 994 opinor,
313 941 454 993 apponi
483 941 611 992 potuit
639 941 773 979 Actis„
812 942 991 992 quoniam
1017 941 1201 992 professio
1232 940 1333 991 apud
1363 941 1464 978 Acta
1493 948 1586 979 nato

132 994 264 1032 'statim
280 1007 397 1046 puero
414 993 495 1032 fieri
511 993 647 1032 solita:
677 1006 887 1043 cognomen
906 1000 1032 1031 autem
1052 993 1144 1031 illud
1163 999 1294 1044 postea
1312 994 1352 1030 in
1371 994 1503 1031 castris
1528 993 1585 1031 illi

133 1045 282 1092 datum,
300 1059 325 1084 a
341 1052 454 1085 veste.
506 1043 680 1097 Denique
698 1053 832 1083 contra
848 1046 998 1083 tabulas
1015 1047 1202 1083 Actorum
1221 1045 1335 1083 Plinii
1353 1046 1494 1096 pagina
1511 1053 1584 1091 est,

125 1103 175 1145 set
189 1097 254 1136 hie
269 1105 400 1137 noster
414 1097 648 1137 fidelissimus
666 1111 802 1136 senex:
824 1098 918 1136 mihi
935 1098 1086 1149 quidem
1103 1099 1209 1145 testis
1227 1097 1263 1140 ,ἐκ
1279 1098 1341 1135 τῦ,
1357 1100 1432 1141 Διὶς
1450 1095 1585 1138 δέλτων.

130 1149 255 1190 Acidis
270 1150 512 1202 amplius,'ex
528 1150 692 1201 Augusti
710 1150 878 1202 epistolis
895 1151 1037 1202 liquere
1062 1151 1247 1201 bimulum
1272 1151 1423 1188 demum
1447 1152 1585 1203 perdu-

131 1207 237 1240 ctum
254 1204 296 1242 in
312 1210 458 1242 castra:
480 1216 558 1241 non
575 1216 667 1253 ergo
685 1204 738 1241 ibi
756 1210 900 1241 natum.
953 1204 1087 1241 Batuis
1106 1210 1163 1248 tu,
1184 1216 1260 1241 non
1278 1216 1426 1254 pugnas
1434 1219 1453 1254 *z
1474 1204 1583 1250 rude,

131 1266 213 1295 non
228 1255 370 1307 gladio,
389 1255 490 1295 feris.
542 1255 644 1296 Quid
662 1257 763 1294 enim
779 1257 920 1300 obstat,
940 1257 1191 1307 Agrippinam
1216 1257 1400 1306 peperisse
1428 1257 1467 1294 in
1486 1256 1583 1295 Ger-

0 1303 15 1351 Ϊ
78 1327 80 1329 ·
130 1308 273 1354 inania,
284 1307 494 1346 rediisse‘in
509 1309 640 1346 urbem
657 1309 783 1346 mariti
811 1309 871 1345 sui
897 1308 1128 1346 Consulatu:
1160 1308 1292 1345 deinde
1310 1308 1429 1359 ipsam
1457 1317 1495 1346 et
1523 1311 1584 1347 in-

130 1354 278 1399 fantem
302 1362 344 1398 in
369 1361 613 1399 Germaniam
630 1362 823 1398 revertisse
838 1363 854 1398 ἓ
878 1360 991 1400 Quod
1007 1361 1165 1398 Antium
1184 1359 1389 1412 praetulerit
1406 1363 1582 1400 omnibus

130 1413 334 1461 secessibus
351 1412 466 1450 Caius
482 1428 491 1450 :
513 1414 603 1464 quin
619 1419 665 1451 tn
682 1413 756 1453 hoc
774 1419 998 1463 argumento
1015 1412 1208 1450 Tiberium
1229 1414 1384 1463 Capreis
1410 1416 1582 1464 genitum

132 1463 243 1509 dicis,
261 1464 402 1504 Tibure
420 1471 487 1503 aut
504 1465 670 1503 Lanuvii
685 1466 931 1515 Augustum?
949 1464 1083 1524 Itaque
1101 1465 1282 1516 quidquid
1294 1465 1496 1504 Suetonius
1515 1480 1581 1504 co-

133 1523 261 1562 netur,
280 1530 342 1559 me
357 1517 509 1568 quidem
518 1516 661 1569 judice,
681 1517 776 1555 Haec
793 1530 881 1568 pars
900 1517 1036 1562 adhuc,
1056 1525 1100 1555 ut
1126 1519 1167 1555 in
1192 1517 1356 1555 formula
1382 1517 1581 1558 Senatoria

132 1575 205 1616 est,
222 1568 345 1621 major
361 1582 441 1607 esse
471 1571 631 1610 videtur.
682 1570 770 1615 Cui,
797 1577 934 1621 praeter
960 1570 1184 1608 Consulares
1210 1569 1309 1614 illos,
1337 1571 1580 1610 subscribunt

132 1621 279 1673 pedarii
293 1622 509 1669 Senatores,
527 1622 618 1662 Sex.
645 1622 792 1668 Victor,-
811 1631 851 1660 et
867 1623 1070 1662 Athenaeus
1086 1627 1128 1669 4,
1151 1626 1211 1662 12.
1228 1636 1267 1675 p.
1289 1626 1375 1663 148.

825 1826 886 1874 Μ’.

681 1972 714 2010 c
725 1972 762 2011 A
775 1971 819 2010 P.
854 1963 1018 2012 Lxx'v.

183 2099 515 2149 monacnum
529 2109 663 2156 divisio
677 2123 701 2148 a
712 2111 860 2148 Caesare
878 2111 1052 2162 Augusto
1069 2111 1110 2149 iu
1128 2117 1235 2150 sexto
1249 2108 1457 2151 Consulatu
1474 2113 1578 2151 facta

132 2161 285 2214 duplexa
336 2162 434 2200 Alite
461 2163 604 2215 populo
631 2163 742 2208 datae,
761 2164 845 2201 aliae
873 2165 1024 2202 Caesari.
1077 2164 1124 2201 In
1141 2178 1204 2203 eas
1223 2178 1305 2215 quae
1323 2166 1468 2217 populi,
1489 2179 1577 2217 pro-

133 2215 214 2266 prie
243 2214 335 2252 dieti
362 2213 610 2253 Proconsules
641 2217 887 2254 mittebantur
897 2234 908 2263 ;
939 2217 980 2254 in
1011 2217 1183 2262 Caesaris,
1216 2217 1354 2268 Legati
1386 2226 1451 2255 aut
1481 2219 1575 2256 Pro-

131 2271 326 2319 praetores‚
344 2267 407 2317 qui
425 2268 612 2306 interdum
629 2274 755 2306 tamen
773 2276 813 2306 et
829 2269 1013 2306 Praetores
1031 2269 1137 2314 dicti,
1150 2277 1224 2307 *ant
1250 2269 1481 2321 conjunctim
1498 2271 1576 2309 Le-

133 2320 215 2370 gati
233 2318 500 2371 Pmpraetores,
511 2327 555 2358 nt
571 2321 611 2358 in
629 2321 815 2375 lapidibus
827 2321 1054 2372 plerumque.
1103 2322 1310 2360 Rectorum
1323 2330 1361 2359 et
1373 2323 1578 2362 Praesidum

134 2376 273 2410 nomen
291 2371 464 2422 generale
482 2380 563 2410 est:
594 2374 666 2411 etsi
684 2373 837 2420 Praese-3,
857 2373 1160 2425 Praesidialesque
1179 2377 1389 2425 provincias
1418 2375 1463 2412 de
1491 2376 1575 2413 Cae-

134 2424 293 2473 surianis
312 2425 470 2475 reperies
488 2426 617 2469 etiam,
635 2426 910 2476 significatione
930 2434 1022 2464 arta.
1062 2426 1273 2464 Discrimen
1293 2429 1389 2464 inter
1408 2427 1576 2466 Procon-

133 2474 231 2514 mles
247 2475 487 2527 Legatosque
506 2477 676 2516 multum.
711 2478 854 2522 Primo,
869 2478 970 2528 quod
988 2480 1015 2516 ii
1034 2480 1073 2516 in
1091 2479 1220 2530 populi
1235 2481 1444 2529 provincias
1458 2481 1575 2527 missi,

161 2541 218 2566 ue
244 2528 324 2566 fere
351 2530 531 2567 inermes:
563 2530 604 2567 hi
631 2531 671 2568 in
698 2529 868 2574 Caesaris,
888 2544 971 2581 quae
997 2533 1116 2583 copiis
1145 2533 1348 2569 instructae.
1402 2531 1453 2569 11.
1473 2533 1576 2583 quod

200 2593 284 2619 rum
302 2593 426 2619 annua
444 2589 594 2620 tantum
613 2582 906 2620 administratio:
928 2584 1041 2633 (unde
1059 2586 1097 2621 in
1116 2583 1252 2620 Tacito
1266 2588 1305 2627 3,
1319 2589 1381 2622 58.
1419 2584 1577 2624 Flamen

134 2633 204 2677 ait,
214 2633 561 2685 quantosaeilitoese
571 2634 786 2686 abfuturum
798 2636 847 2673 ad
857 2638 967 2673 unius
975 2639 1062 2673 anni
1077 2636 1344 2672 Proconsulare
1356 2639 1576 2685 imperium?

133 2682 189 2722 Et
200 2685 373 2737 Appuleii
386 2686 527 2726 Florid.
545 2695 578 2725 l.
597 2700 633 2739 p.
648 2693 736 2733 347.
776 2689 875 2731 Quid
889 2689 990 2725 nobis
1007 2701 1088 2725 cum
1104 2690 1186 2725 istis
1198 2689 1465 2727 Proconsulum
1481 2692 1572 2728 vici-

136 2737 237 2774 bus?
264 2740 355 2788 quid
383 2751 464 2777 cum
492 2742 600 2778 annis
627 2741 789 2778 brevibus
818 2746 855 2778 et
873 2741 1144 2791 festinantibus
1171 2742 1350 2778 mensibus
1362 2743 1400 2788 9)
1434 2743 1570 2781 horum

134 2788 285 2839 longior
300 2793 587 2838 contractione,
602 2801 644 2830 ut
662 2794 800 2830 Caesari
820 2795 949 2829 visum.
988 2792 1061 2829 ΙΙΙ.
1081 2792 1324 2830 Proconsules
1337 2800 1437 2832 sorte
1455 2797 1571 2834 missi.

131 2854 251 2891 eoque
270 2841 469 2881 Suetonius
487 2846 586 2894 Aug.
607 2858 639 2883 c.
656 2851 722 2891 47.
759 2850 897 2881 ceteras
912 2846 1120 2893 provincias
1138 2845 1422 2884 Proconsulibus
1439 2850 1573 2886 sortito

129 2894 325 2943 permisit.-
353 2905 392 2932 et
408 2895 563 2934 Tacitus
582 2902 622 2943 3,
641 2902 704 2934 32.
741 2909 855 2946 eoque
870 2902 983 2934 etiam
1008 2898 1107 2935 Asiae
1121 2903 1220 2936 sorte
1235 2899 1487 2948 depellendum
1515 2902 1572 2937 in-

800 2963 820 2988 ι
848 2949 861 2985 l
888 2954 912 2985 2
