1858 3164
507 148 594 190 AD
630 149 890 190 HISTOR.
926 148 1049 189 LIB.
1085 148 1159 189 111.
1476 151 1557 193 579

109 246 252 290 ulnera
267 253 435 291 veniunt.
462 252 523 290 Ibi
541 251 812 304 paueirdix-ad
830 252 996 302 requiem
1014 251 1144 296 sumti,
1158 257 1196 288 et
1213 249 1402 288 Minutius
1419 250 1445 288 J
1448 259 1553 290 ustus

114 301 228 341 Prof-
245 310 455 353 castrorum
471 304 547 356 leg.
559 301 756 353 Vllsquia
777 303 966 347 audacius,
985 315 1098 354 quam
1114 303 1213 341 civili
1232 302 1346 346 bello,
1362 302 1554 352 imperita·

115 352 196 398 bat,
214 354 425 393 subtractus
444 351 700 414 militssstoe,
720 355 767 392 ad
783 351 1055 405 Vespasianum
1073 356 1205 392 missus
1222 359 1290 391 est.
1334 352 1556 391 Desiderata

114 403 179 441 diu
195 416 256 442 nes
275 402 589 458 interpretatione¹
606 405 736 456 gloriae
764 406 803 442 in
831 404 950 456 majus
979 407 1174 456 accipitur,
1194 411 1392 456 postquam
1423 404 1555 442 Galbae

115 455 311 504 imagines,
326 458 510 495 discordia
521 463 732 508 temporum
746 457 952 502 subversas,
964 458 1004 494 in
1016 458 1190 494 omnibus
1210 456 1423 503 municipiis
1442 456 1558 493 recoli

110 502 225 556 jussit
235 508 438 553 Antonius,
451 509 626 546 decorum
648 521 718 558 pro
731 520 864 545 caussa
881 515 1001 552 ratus,
1015 510 1046 546 si
1060 508 1204 558 placere
1222 507 1353 543 Galbae
1364 506 1487 544 Princi
1541 528 1558 538 ·

117 564 200 595 tum
210 567 335 608 partes
345 566 619 610 presumerent.
632 559 844 599 Quaesitnm
853 560 952 605 iude,
965 573 1045 609 quae
1055 559 1157 596 sedes
1168 558 1265 596 bello
1274 558 1469 607 legeretur.
1519 572 1559 595 e-

119 615 215 646 rona
228 611 353 660 potior
363 611 456 653 visa,
466 612 680 661 patentibus
698 612 839 648 circum
850 613 992 660 campis
1012 611 1059 648 ad
1069 622 1234 661 pugnam
1253 616 1472 658 equestrem,
1485 623 1561 660 qua

118 661 394 710 prevalebunt:
422 662 533 698 simul
558 662 747 699 coloniam
766 663 883 712 copiis
911 661 1071 698 validam
1091 661 1235 698 auferre
1252 659 1407 697 Vitellio
1424 661 1463 697 in
1482 674 1561 698 rem

119 710 332 762 famamque
348 712 552 751 videbatur.
571 713 746 750 I'ossessa
758 714 839 763 ipso
857 715 1015 750 transitu
1027 713 1222 750 Vicentia:
1244 711 1346 761 quod
1363 723 1428 762 per
1441 725 1479 749 se
1492 725 1561 762 pa·

117 774 202 799 rum
216 763 368 812 (etenim
382 764 536 802 modim
550 765 752 815 municipio
771 765 882 810 vires)
907 765 1030 814 magni
1045 764 1225 802 momenti
1242 763 1365 800 locum
1383 763 1561 807 obtinuit,

120 813 380 863 reputantibus
409 815 485 851 illic
514 816 701 853 Caecinam
728 816 910 864 genitum,
930 823 969 852 et
996 816 1158 866 patriam
1181 815 1347 852 hostium
1364 814 1464 851 Duci
1483 828 1564 852 ere·

119 871 238 952 ἴω.
256 864 302 902 In
312 866 586 903 Veronensibus
600 868 760 917 pretium
771 866 865 903 fuit:
887 867 1059 916 exemplo
1071 867 1277 916 opibusque
1288 873 1412 915 partes
1418 865 1564 915 juvere.

197 917 424 968 interceptus
442 920 624 954 exercitus
644 931 709 968 per
722 918 886 954 Raetiam
899 917 1093 967 Juliasque
1112 917 1239 968 Alpes.
1256 929 1314 960 ac,
1336 929 1382 953 ne
1395 919 1564 966 pervium

121 965 189 1004 illa
206 967 439 1006 Germanicis
458 970 682 1006 exercitibus
702 969 813 1012 foret,
832 969 1057 1018 obsepserat.
1098 969 1194 1007 Quae
1214 969 1345 1016 ignara
1364 967 1564 1017 Vespasia-

123 1030 176 1055 no
195 1025 260 1055 aut
277 1021 406 1057 vetita.
434 1021 568 1070 quippe
585 1020 769 1069 Aquileiae
787 1020 867 1057 sisti
886 1019 1025 1056 bellum
1042 1021 1322 1070 exspectarique
1338 1017 1564 1056 Mucianum

115 1067 287 1119 jubebat.
341 1070 623 1122 Adjiciebatque
651 1073 805 1121 imperio
834 1071 1046 1115 consilium,
1066 1070 1216 1121 quando
1235 1070 1439 1120 AEgyptuS,
1459 1070 1565 1109 clan-

120 1127 199 1158 stra
216 1133 390 1166 annonae,
410 1123 607 1171 vectigalia
626 1123 987 1173 opulentissimarum
1000 1123 1278 1172 provinciarum
1294 1122 1567 1167 obtinerentur,

123 1185 231 1222 posse
242 1172 384 1210 Vitellii
402 1175 604 1210 exercitum
625 1181 788 1223 egestate
809 1173 981 1224 stipendii
1002 1174 1254 1223 frumentique
1275 1172 1321 1209 ad
1339 1172 1568 1211 deditionem

122 1224 258 1273 subigi.
282 1249 285 1251 -
310 1225 455 1262 Eadem
470 1222 677 1262 Mucianus
694 1227 833 1262 crebris
861 1224 1030 1275 epistolis
1057 1225 1248 1269 monebat,
1267 1225 1501 1262 incruentam
1528 1230 1567 1262 et

125 1275 205 1312 siue
221 1275 326 1312 luctu
343 1277 539 1313 victoriam
556 1283 594 1313 et
613 1275 687 1313 alia
704 1276 961 1326 hujuscemodi
979 1277 1231 1326 praetexendm
1250 1276 1313 1313 sed
1331 1275 1463 1324 gloria
1489 1277 1573 1314 avi-v

125 1326 193 1364 dus
211 1333 326 1376 atque
340 1339 453 1364 omne
480 1327 567 1364 belli
598 1327 709 1365 decus
728 1330 798 1365 sibi
826 1330 1002 1366 retinens.
1055 1329 1232 1365 Ceterum
1251 1341 1299 1365 ex
1315 1328 1571 1365 instantibusn

124 1384 310 1416 terrarum
328 1380 458 1429 spatiis
475 1379 633 1416 consilia
649 1387 733 1430 post
762 1392 821 1417 res
839 1379 1098 1417 afferebantur.
1150 1379 1276 1429 Igitur
1297 1379 1493 1428 repentino
1512 1380 1571 1416 in-

124 1431 239 1466 eura'u
254 1430 442 1471 Antonius
459 1431 639 1468 stationes
658 1431 821 1468 hostium
838 1431 984 1480 irrupit,
999 1430 1226 1479 tentatisque
1243 1430 1315 1467 levi
1333 1429 1469 1479 proelio
1487 1432 1572 1468 ani-

126 1481 212 1527 mis,
229 1493 276 1518 ex
293 1493 402 1532 aquo
419 1482 631 1520 discessum.
684 1482 781 1519 Mox
808 1483 960 1519 Caecina
984 1483 1084 1519 inter
1113 1481 1333 1525 Hostiliam,
1353 1482 1476 1518 vicum
1494 1481 1573 1519 Vc·-

128 1533 357 1578 mnensium5
377 1541 416 1570 et
441 1533 601 1584 paludes
611 1533 764 1570 Tartari
788 1533 951 1571 fluminis
969 1540 1093 1570 castra
1111 1534 1325 1584 permuniit,
1345 1538 1450 1570 tutus
1469 1532 1569 1580 loco,

126 1590 335 1634 cum-mg·
346 1584 509 1628 flumine,
524 1584 643 1622 latera
654 1584 805 1635 objectu
819 1585 978 1634 paludis,
987 1592 1212 1633 tegerentur.
1235 1584 1348 1624 Quod
1367 1585 1396 1621 si
1417 1584 1573 1623 afuisset

128 1634 231 1680 fidos,
254 1642 322 1673 aot
338 1637 499 1687 opprimi
519 1637 697 1674 universis
718 1636 1002 1674 Vitellianorum
1019 1637 1159 1673 viribus
1177 1636 1259 1672 duze
1276 1636 1456 1685 legiones,
1475 1648 1573 1674 non-

127 1685 220 1725 dum
237 1685 442 1775 corguncto
459 1687 621 1725 Moesico
634 1690 816 1731 exercitu,
829 1694 996 1738 potuere,
1013 1681 1078 1724 ant
1090 1694 1284 1724 retroactae
1301 1688 1447 1731 deserta
1455 1687 1575 1726 ltalia

125 1745 277 1789 turpe-
329 1751 415 1789 gam
429 1739 705 1777 conscivissent.
726 1740 797 1776 Sed
812 1740 963 1776 caecina
977 1751 1042 1789 per
1054 1741 1173 1776 varias
1185 1751 1308 1776 moras
1320 1740 1439 1789 prima
1451 1740 1574 1777 hosti-

126 1787 199 1826 bus
221 1790 387 1828 vendidit
405 1797 574 1841 tempora
592 1790 695 1834 belli,
713 1790 818 1835 dum,
838 1803 932 1840 quos
951 1792 1064 1827 armis
1082 1790 1218 1841 pellere
1237 1796 1454 1841 promptum
1476 1797 1573 1836 emt„-

125 1840 296 1891 epistolia
311 1842 494 1892 increpat,
512 1842 631 1879 donec
647 1855 715 1892 per
731 1843 888 1879 nuncios
906 1848 1017 1892 pacta
1035 1842 1195 1892 perfidiae
1214 1842 1389 1881 firmaret.
1415 1841 1574 1880 Interim

129 1892 300 1942 Aponius
317 1894 539 1931 Saturninus
562 1905 647 1930 cum
677 1893 825 1943 legione
843 1893 932 1931 vll,
959 1893 1167 1930 Claudiana
1197 1893 1358 1931 advenit.
1411 1893 1576 1942 Legioni

125 1943 317 1982 Tribunus
353 1944 558 2034 Voigstzmus
589 1944 768 1982 Messalla
804 1953 974 1996 praeerat,
1009 1945 1120 1982 claris
1149 1943 1368 1995 majoribus,
1399 1946 1575 1995 egregius

131 1995 224 2046 ipse,
236 2002 277 2034 et
293 1996 357 2046 qui
441 1996 479 2034 id
498 1996 635 2034 bellum
653 1997 755 2034 solus
775 2004 872 2034 artes
891 1998 1009 2034 bonas
1027 1996 1224 2035 attulisset.
1277 1996 1360 2034 Has
1381 1996 1427 2033 ad
1445 1997 1575 2047 copias

129 2057 366 2099 nom-quam
383 2047 595 2085 Vitellianis
612 2060 719 2098 pares
741 2049 897 2098 (quippe
914 2055 989 2085 tres
1021 2048 1143 2085 adhuc
1162 2048 1327 2097 legiones
1354 2048 1479 2095 erant)
1502 2049 1575 2086 mi-

130 2099 185 2135 sit
211 2109 233 2134 e
259 2098 387 2136 heolus
405 2100 570 2143 (heina,
589 2102 836 2136 temeritatem
863 2101 962 2137 victa
987 2112 1090 2136 arma
1118 2102 1361 2137 tractantium
1387 2101 1576 2139 incusans.

132 2148 211 2186 Sim
273 2150 386 2188 virtus
403 2150 617 2188 Germanici
646 2153 830 2188 exercitus
855 2151 1027 2188 laudibus
1057 2151 1311 2193 attollebatur,
1330 2151 1472 2188 Vitellii
1492 2164 1577 2188 mo-

131 2200 274 2238 dentice
291 2207 330 2238 et
347 2201 494 2251 vulgari
513 2203 714 2246 mentione,
734 2202 838 2239 nulla
860 2203 899 2239 in
917 2202 1188 2252 Vespasianum
1207 2202 1447 2240 contumelia.
1501 2203 1576 2239 Ni-

130 2251 187 2289 hil
204 2255 356 2302 pronus
387 2253 486 2303 quod
506 2261 571 2291 aut
597 2263 852 2304 corrumperet
881 2254 1041 2297 bostem,
1062 2261 1126 2290 aut
1157 2260 1323 2292 terreret.
1378 2253 1577 2290 Flaviana-

133 2315 216 2340 rum
235 2305 396 2354 partium
414 2304 540 2342 Duces
557 2306 695 2343 omissa
738 2307 846 2342 rioris
865 2305 1027 2343 fortuna».
1046 2305 1275 2348 defensioue,
1289 2304 1578 2355 pro-Vespasia-

132 2366 184 2391 no
212 2355 422 2405 magnifice,
441 2368 514 2406 pro
541 2368 673 2393 caussa
728 2357 870 2401 deuter,
889 2357 935 2393 de
962 2358 1067 2394 exitu
1098 2359 1230 2400 securi,
1262 2358 1300 2392 in
1321 2356 1515 2392 Vitellium
1534 2363 1580 2394 ut

132 2407 287 2445 inimici.
339 2406 458 2444 Facta
486 2407 663 2444 Tribunis
688 2415 727 2444 et
753 2409 1044 2445 Centurionibus
1073 2408 1269 2451 retinendi,
1300 2420 1383 2458 quoe
1402 2406 1580 2444 Vitellius

134 2457 360 2502 indulsisset,
374 2470 478 2510 spes:
509 2466 623 2508 atque
639 2460 763 2509 ipsum
780 2459 970 2497 Caecinam
982 2472 1060 2496 non
1078 2460 1232 2496 obscure
1252 2459 1298 2495 ad
1316 2459 1577 2496 transitionem

133 2508 395 2547 hortabantur.
451 2509 634 2548 Recitata
670 2523 739 2560 pro
767 2512 948 2548 concione
982 2510 1148 2563 epistolae
1185 2510 1358 2547 addidere
1385 2508 1580 2555 fiduciam,

134 2567 208 2598 ete.
233 2571 276 2598 eo
292 2562 421 2598 ordine
436 2573 509 2611 quo
527 2563 692 2611 deinceps
707 2562 864 2611 vulgati.

138 2705 166 2732 n
178 2658 294 2731 ‘new
303 2667 429 2700 quoqne
441 2660 596 2691 editiones
607 2658 730 2691 habent
739 2660 940 2697 Mentibus,
953 2660 1032 2690 vitio
1045 2667 1210 2699 operarum
1223 2668 1234 2696 ;
1261 2659 1337 2690 narn
1350 2657 1516 2698 legens-n
1529 2658 1579 2690 dn·-

166 2711 187 2730 41
223 2711 234 2732 ¹
274 2711 301 2731 Ι.

803 2866 908 2909 Pp2
