1858 3164
507 135 594 175 AD
628 133 871 174 ANNAL.
905 132 1131 172 LIB.111.
1460 135 1540 175 ⁸49

792 286 827 326 Ι.

674 388 802 427 CAP.
838 387 948 426 LIII.

97 483 109 493 ”
149 487 314 538 Senes.
329 488 390 531 De
407 484 537 528 Benef.
555 493 595 534 7,
620 496 657 530 9.
717 490 830 527 Video
848 493 997 528 uniones
1024 502 1098 528 non
1114 490 1276 538 singulos
1295 489 1451 538 singulis
1468 501 1535 525 au-

0 570 2 573 .
97 539 199 577 ribus
221 547 473 592 cmnparaeos:
503 540 602 590 (jam
629 543 724 579 enim
749 543 956 581 exercitatae
972 555 1080 579 aures
1097 543 1198 579 oneri
1210 541 1371 590 ferendo
1399 545 1485 578 sunt
1497 541 1532 586 ;)

0 590 28 631 s?
39 591 48 594 ’
87 589 299 646 junguntur
314 595 411 631 inter
426 605 465 630 se
480 597 517 630 et
534 595 682 642 insuper
699 595 768 630 alii
798 595 873 632 bini
893 598 1146 643 supponuntur
1164 593 1278 641 (forte
1298 603 1535 640 suppangun-

19 647 21 649 '
98 647 174 688 tur,
193 643 251 681 ed.
266 644 383 683 Gmn.
401 646 724 693 superponuntur).
752 645 837 681 Non
854 647 947 682 satis
972 645 1157 683 muliebris
1172 646 1316 681 insania
1340 646 1437 679 viros
1452 643 1535 679 sub-

87 691 244 743 jecerat,
247 695 328 745 ,υἱεῖ
345 696 433 735 bina
458 707 503 735 ac
531 700 636 733 terna
661 699 889 745 patrimonia
912 698 1065 746 singulis
1093 697 1240 733 auribus
1269 694 1534 744 pependissent.

98 744 261 783 Tertuu.‘
275 753 399 790 acute,
422 746 485 785 De
501 747 606 784 cultu
626 748 711 784 fem.
735 751 770 791 1,
790 753 827 787 9.
887 749 1052 786 Graciles
1068 749 1214 785 aurium
1245 752 1344 783 cutes
1360 745 1533 782 calenda-

96 796 196 835 rium
211 798 428 846 emendant,
447 803 484 835 et
503 799 540 835 in
556 801 707 836 sinistra
723 811 790 847 per
804 801 965 848 singulos
978 801 1114 848 digitos
1132 800 1244 835 sacris
1258 798 1411 845 singulis
1425 797 1534 833 ludit.

93 847 328 896 Augustinus
346 850 419 887 hoc
438 851 597 899 amplius
617 852 794 899 queritur,
813 863 880 887 suo
900 864 977 886 aevo
997 852 1175 887 insanisse
1192 850 1234 886 in
1255 850 1354 899 turpi
1374 850 1447 884 isto
1467 860 1533 883 au-

95 898 192 936 rium
209 899 314 936 cultu
334 902 448 937 etiam
466 903 578 938 viros.
597 914 708 950 quem
726 902 824 943 vide,
844 903 875 938 si
892 902 1009 944 lubet,
1030 902 1150 950 Epist.
1171 904 1236 938 84.
1262 899 1366 938 Eum
1378 899 1533 935 luxuriae

96 949 212 986 ritum
229 950 366 988 referre
384 952 536 1001 qnidam
566 959 751 990 conantur
779 953 825 988 ad
845 965 963 989 aevum
980 953 1160 1003 priscum,
1179 965 1226 987 ex
1243 950 1384 987 Valerii
1415 950 1546 985 verbis»

95 1003 135 1043 5,
154 1003 195 1044 2,
218 1005 253 1039 1.
279 1001 324 1038 de
343 1001 486 1039 Martio
504 1003 706 1039 coriolano
734 1010 890 1040 exemto
921 1017 944 1039 a
961 1002 1134 1040 feminis:
1167 1003 1211 1038 In
1241 1013 1399 1050 quarum
1423 1001 1533 1037 hono-

98 1062 175 1088 rem
202 1051 360 1090 Senatus
385 1059 636 1092 matronarum
665 1055 827 1091 ordinem
857 1055 1117 1104 benignissimis
1143 1055 1297 1089 decretis
1322 1054 1528 1092 ador-navit,

94 1102 229 1140 San-vit
243 1115 413 1153 namque,
431 1108 489 1142 uti
504 1106 659 1155 feminis
675 1108 805 1143 semita
821 1108 893 1143 viri
925 1107 1104 1150 cederent,
1124 1105 1304 1154 confessus
1319 1105 1403 1152 plus
1432 1104 1531 1139 salu-

96 1156 146 1191 eis
158 1153 266 1204 Reip.
286 1156 325 1192 in
350 1157 462 1201 stola,
483 1169 591 1205 quam
609 1159 647 1194 in
664 1159 792 1202 armis,
802 1158 925 1207 fuisse
933 1173 948 1199 ;
976 1159 1199 1205 vetustisque
1215 1157 1362 1192 aurium
1380 1156 1531 1202 insigni-

96 1205 163 1246 bus
178 1217 311 1243 novum
328 1208 432 1245 vittoe
449 1209 641 1246 discrimen
657 1208 803 1256 adjecit.
831 1210 961 1258 legunt
979 1211 1089 1251 enim,
1109 1210 1295 1245 inaurium
1321 1208 1533 1255 insignibus.

92 1254 340 1311 N⁰nl³¹ss⁰5⁶i
364 1267 402 1295 et
421 1259 579 1297 fortasse
597 1272 667 1298 nee
690 1267 780 1296 totae
800 1255 948 1308 quidem
967 1267 1056 1297 tunc
1075 1259 1196 1297 Italia».
1214 1271 1380 1308 gemmae.
1434 1258 1533 1293 Seri·

93 1306 249 1358 pserim',
263 1308 488 1359 deitatisque
503 1313 659 1348 crinium
676 1312 874 1360 insignibus
886 1314 908 1350 P
935 1312 1109 1349 Crinibus
1134 1312 1235 1347 enim
1252 1310 1448 1360 posituqne
1467 1321 1534 1344 co-

94 1370 242 1396 marum
266 1367 447 1402 niatronae
479 1363 684 1411 antiquitus
711 1364 877 1400 discretae
906 1363 952 1399 ab
980 1363 1158 1412 innuptis.
1209 1359 1465 1400 Tertullianus
1487 1358 1557 1412 ἀεί

94 1408 201 1458 Vir-g.
225 1410 390 1450 velandis
409 1425 442 1451 c.
465 1415 525 1452 12.
582 1414 771 1463 Simulante
786 1425 825 1450 se
850 1415 1018 1451 mulieres
1045 1414 1323 1450 intellexerunt.
1339 1441 1346 1448 .
1364 1441 1370 1447 .
1386 1415 1535 1450 vertunt

95 1461 285 1510 capillum,
302 1469 339 1500 et
353 1475 421 1501 acu
431 1465 630 1502 'lasciviore
647 1476 786 1501 comam
800 1466 870 1502 sibi
886 1470 1064 1509 inserunt,
1087 1465 1244 1501 crinibus
1261 1461 1383 1512 afron
1389 1466 1424 1498 te
1438 1463 1534 1498 divi-

93 1513 144 1548 sis
159 1518 327 1562 apertam
341 1513 515 1565 professae
530 1517 801 1553 mulieritatem.
837 1516 995 1553 Plautus
1015 1516 1139 1552 Milite
1156 1519 1196 1558 3,
1219 1519 1253 1557 1,
1275 1517 1361 1553 196.
1400 1514 1535 1562 Utique

94 1566 176 1601 'eam
190 1570 360 1617 ornatam
376 1567 540 1610 adducas
557 1574 810 1605 matronarum
829 1569 948 1611 modo,
971 1568 1101 1617 Capite
1127 1572 1284 1616 compt0,
1312 1566 1439 1608 crines,
1459 1567 1532 1601 vit-

95 1619 223 1665 easque
239 1617 382 1656 habeat.
417 1617 652 1656 Mostellaria
674 1623 708 1662 1,
727 1622 766 1665 3,
787 1623 851 1658 69.
880 1619 961 1656 Soli
977 1620 1179 1668 gerundum
1198 1629 1333 1655 morem
1351 1628 1484 1660 censeo,
1497 1621 1533 1652 et

95 1668 295 1716 capiundos
312 1669 441 1706 crine&
459 1669 496 1706 id
529 1677 598 1713 est,
619 1671 845 1707 nubendum.
898 1670 1052 1707 Festus:
1085 1670 1205 1707 Senis*
1222 1670 1380 1706 crinibus
1396 1669 1533 1705 nuben-

97 1722 150 1756 tes
166 1723 361 1765 emantur,
380 1721 490 1770 quod,
509 1726 576 1758 etc.
603 1721 707 1758 Senis
737 1722 915 1765 crinibus,
934 1722 972 1758 id
989 1729 1058 1766 est,
1079 1734 1143 1758 sex
1174 1722 1333 1757 crinium
1360 1720 1532 1762 orbibus,

98 1770 176 1807 sive
194 1771 330 1807 sertis.-
364 1770 524 1821 Implexi
553 1773 670 1821 igitur
687 1772 815 1822 capilli
846 1773 1083 1816 matronales,
1106 1780 1147 1809 ut
1178 1770 1388 1821 exemplum
1406 1777 1531 1820 petere

93 1818 182 1858 licet
202 1833 225 1857 a
254 1821 387 1858 statuis
406 1823 654 1872 nummisque,
681 1824 868 1872 virginum
896 1835 1167 1874 puerorumque
1186 1823 1272 1858 cirri
1299 1829 1337 1858 et
1354 1821 1532 1858 cincinni.

93 1872 315 1909 Ammianus
338 1877 399 1916 14,
419 1877 456 1911 6.
485 1874 539 1910 Et
555 1875 651 1920 licet,
667 1886 888 1923 quocumque
899 1875 1194 1927 ,oculosflexeriz
1202 1873 1368 1924 feminas
1386 1873 1534 1922 affatim

91 1923 231 1974 ”W
245 1929 410 1973 spectare
439 1926 622 1967 cirratas;
663 1927 793 1974 quibus
808 1928 842 1963 si
864 1928 1086 1976 ,nupsissenss
1111 1938 1181 1975 per
1209 1929 1353 1962 aetatem
1383 1929 1438 1961 ter
1445 1922 1532 1970 jam

92 1975 205 2013 'nim
213 1975 380 2026 &poterat
414 1987 480 2025 sup
509 1983 604 2015 etere
633 1978 839 2027 liberorum.
894 1978 1073 2022 cirratas,
1102 1978 1219 2028 capio'
1235 1977 1434 2025 innuptas:
1472 1975 1533 2012 uti

88 2025 239 2063 'Persius
260 2030 297 2070 1,
315 2029 380 2077 239.
424 1989 554 2065 eosstm
571 2029 737 2078 epitheto
755 2029 800 2065 de
818 2030 954 2080 pueris,
981 2030 1064 2067 Ten'
1079 2030 1298 2066 cirratorum
1315 2031 1458 2063 centum
1476 2026 1535 2062 di-

88 2076 406 2128 'ctataffiisaepro
423 2080 539 2117 nihilo
555 2081 693 2127 pendas
708 2082 731 2118 ‚⁹
768 2080 910 2117 Valerii
935 2093 1026 2130 ergo
1056 2093 1171 2122 mens,
1203 2086 1340 2130 praeter
1368 2078 1531 2116 crinium

98 2127 309 2181 discrimen,
328 2128 512 2179 'adjectam
530 2131 603 2168 illis
631 2138 669 2168 et
688 2131 843 2168 alteram
862 2132 1005 2170 vittam.
1048 2132 1108 2168 De
1128 2144 1203 2181 qua
1213 2129 1414 2180 Capellam
1433 2129 1532 2164 acci-

94 2179 160 2230 pio
181 2178 228 2216 de
243 2181 350 2230 nupt.
372 2180 507 2220 Philol.
530 2186 563 2220 1.
581 2195 621 2232 p.
638 2186 676 2220 3.
694 2182 751 2220 ed.
778 2182 914 2220 Grotii.
943 2183 1042 2231 ‚Iuno
1071 2194 1278 2232 quoquecx
1299 2180 1530 2232 purgatioris

86 2231 404 2280 ‘aurisplendente
420 2245 512 2270 vena
538 2235 738 2271 addiderat
753 2234 911 2271 crinibus
931 2236 1065 2272 sociale
1081 2235 1274 2272 vinculum.
1303 2234 1470 2282 Propert.
1489 2234 1530 2273 4,

97 2285 160 2324 11,
174 2285 238 2323 34.
282 2282 406 2320 Vua-it
420 2289 457 2322 et
474 2290 644 2335 acceptas
660 2287 780 2322 altera
798 2287 893 2323 vitta
912 2298 1042 2324 comaS.
1095 2286 1174 2323 Ubi
1192 2286 1267 2334 legi
1284 2285 1322 2321 in
1341 2290 1414 2319 vet,
1444 2280 1531 2319 cod.

98 2344 288 2382 aspersas:
315 2341 353 2371 et
371 2334 505 2385 placet.
533 2336 725 2386 referoque
754 2336 799 2373 ad
829 2339 1076 2388 aspersionem
1107 2349 1212 2387 aquae
1239 2335 1382 2385 nuptiis
1409 2333 1529 2370 solen-

94 2396 191 2422 nem.
220 2384 282 2422 De
298 2397 373 2434 qua
389 2386 487 2423 idem
504 2391 542 2432 4,
555 2391 596 2433 3,
619 2392 677 2435 15.
715 2389 768 2440 Et
796 2388 925 2438 Stygio
954 2401 1030 2426 sum
1060 2401 1189 2438 sparsa
1221 2389 1316 2432 tacu,
1336 2396 1401 2423 nec
1428 2395 1529 2434 recta

96 2436 241 2488 capillis
263 2435 367 2475 Vitta
384 2438 474 2476 data
490 2443 555 2477 est.
607 2439 679 2485 Sed
694 2439 807 2488 redeo
826 2441 874 2477 ad
889 2450 1072 2479 nostrum.

768 2852 881 2886 Νῐι3
